[
  {
    "image_url": "https://cdn.barbora.lt/products/318e3764-9cee-437d-86d9-48cf1c4ebb08_m.png",
    "title": "Mandarinai, 1-4 d., 1 kg",
    "price": "1.59",
    "price_2": "1,59€/kg",
    "extra_info": "–20%"
  },
  {
    "image_url": "https://cdn.barbora.lt/products/c19c320d-a3d6-4fa1-8454-6c5e09338908_m.png",
    "title": "Plautos morkos, 1 kg",
    "price": "0.35",
    "price_2": "0,35€/kg",
    "extra_info": "–40%"
  },
  {
    "image_url": "https://cdn.barbora.lt/products/1f910506-fa6a-4ce8-947c-b0a43aeed8d9_m.png",
    "title": "Lietuviškos bulvės MARABEL, 40-60 mm, 1 kg",
    "price": "0.29",
    "price_2": "0,29€/kg",
    "extra_info": "–42%"
  },
  {
    "image_url": "https://cdn.barbora.lt/products/66eadb2f-139f-416b-8c75-a6a126e3abd1_m.png",
    "title": "Avokadai READY TO EAT WELL DONE, 2 vnt., 2 vnt.",
    "price": "1.74",
    "price_2": "0,87€/vnt.",
    "extra_info": "–30%"
  },
  {
    "image_url": "https://cdn.barbora.lt/products/27a01f84-3055-4a85-9674-9aa2abeb6dc5_m.png",
    "title": "Ilgavaisis agurkas plėvelėje, 1 vnt.",
    "price": "1.09",
    "price_2": "1,09€/vnt.",
    "extra_info": "–22%"
  },
  {
    "image_url": "https://cdn.barbora.lt/products/4c05a711-d08c-472d-b36b-8edf0e660c97_m.png",
    "title": "Smulkiavaisiai slyviniai pomidorai, 250 g",
    "price": "0.89",
    "price_2": "3,56€/kg",
    "extra_info": "–40%"
  },
  {
    "image_url": "https://cdn.barbora.lt/products/fb87aaa7-18e5-47fb-8a09-d9414356bb8c_m.png",
    "title": "Avokadas HASS, 1 vnt.",
    "price": "0.69",
    "price_2": "0,69€/vnt.",
    "extra_info": "–30%"
  },
  {
    "image_url": "https://cdn.barbora.lt/products/2f7dff1b-170e-462e-b728-71582279c86a_m.png",
    "title": "Žalioji cukinija, 1 vnt.",
    "price": "0.89",
    "price_2": "0,89€/vnt.",
    "extra_info": "–36%"
  },
  {
    "image_url": "https://cdn.barbora.lt/products/e3da0d6c-8b0a-45ab-9723-bd212b2798d5_m.png",
    "title": "Brokolis, 1 vnt.",
    "price": "1.39",
    "price_2": "1,39€/vnt.",
    "extra_info": "–30%"
  },
  {
    "image_url": "https://cdn.barbora.lt/products/e460b71a-a692-4fe5-8749-935208ecf530_m.png",
    "title": "Valgomasis graikiškas jogurtas ALMA, 4 % rieb., 370 g",
    "price": "1.43",
    "price_2": "3,87€/kg",
    "extra_info": "–20%"
  },
  {
    "image_url": "https://cdn.barbora.lt/products/34f5c4d1-4936-43c7-b7dd-b2bd9f796f7f_m.png",
    "title": "Didžiosios kriaušės CONFERENCE, 70-80 mm, 1 kg",
    "price": "1.69",
    "price_2": "1,69€/kg",
    "extra_info": "–32%"
  },
  {
    "image_url": "https://cdn.barbora.lt/products/e17112e7-800e-42c8-9310-cec555b24910_m.png",
    "title": "Virtas pjaustytas kalakutienos kumpis, I r., 90 g",
    "price": "2.49",
    "price_2": null,
    "extra_info": "2 už 2,99€"
  },
  {
    "image_url": "https://cdn.barbora.lt/products/46fc148c-a34b-4e79-944c-dde7e26f7860_m.png",
    "title": "Apelsinai, 4 - 5 d., 1 kg",
    "price": "0.99",
    "price_2": "0,99€/kg",
    "extra_info": "–50%"
  },
  {
    "image_url": "https://cdn.barbora.lt/products/b9498ab6-8850-4b02-86a1-05e0957ded84_m.png",
    "title": "Tualetinis popierius BLOOM COMFORT SOFT WHITE, 3 sluoksnių, 8 vnt.",
    "price": "2.59",
    "price_2": null,
    "extra_info": "2 ar daugiau su –40%"
  },
  {
    "image_url": "https://cdn.barbora.lt/products/aec69d93-776c-4579-8ec1-7bdac29889d7_m.png",
    "title": "Pievagrybiai, 250 g",
    "price": "0.99",
    "price_2": "3,96€/kg",
    "extra_info": "–38%"
  },
  {
    "image_url": "https://cdn.barbora.lt/products/f97c32ed-62be-4e53-bcd6-9d445136e3d8_m.png",
    "title": "Raudonosios besėklės vynuogės, 500 g",
    "price": "1.99",
    "price_2": "3,98€/kg",
    "extra_info": "–33%"
  },
  {
    "image_url": "https://cdn.barbora.lt/products/333badbb-44cd-46cd-8f4f-70ddb7c8f132_m.png",
    "title": "Popieriniai rankšluosčiai BLOOM JUMBO, 2 sluoksnių, 1 vnt.",
    "price": "3.99",
    "price_2": null,
    "extra_info": "2 ar daugiau su –40%"
  },
  {
    "image_url": "https://cdn.barbora.lt/products/b41bc7f5-f4c2-4e14-9dcf-310dd27def3a_m.png",
    "title": "Krapai, 25 g",
    "price": "0.89",
    "price_2": null,
    "extra_info": "2 ar daugiau su –40%"
  },
  {
    "image_url": "https://cdn.barbora.lt/products/2be12712-e4ad-44db-8350-7be39a8a5284_m.png",
    "title": "Pomidorai, 67-82 mm, 1 kg",
    "price": "2.29",
    "price_2": "2,29€/kg",
    "extra_info": "–23%"
  },
  {
    "image_url": "https://cdn.barbora.lt/products/b585aafd-be06-41b9-979d-567d194492df_m.png",
    "title": "Žalumynų rinkinys: svogūnų laiškai ir krapai, 1 vnt.",
    "price": "1.59",
    "price_2": null,
    "extra_info": "2 ar daugiau su –40%"
  },
  {
    "image_url": "https://cdn.barbora.lt/products/0b8f826c-0489-4776-a76e-a2a04bf9cbfc_m.png",
    "title": "Švž. broilerių, užaugintų be antibiotikų, blauzdelės be sąn., 500 g",
    "price": "2.09",
    "price_2": "4,18€/kg",
    "extra_info": "–30%"
  },
  {
    "image_url": "https://cdn.barbora.lt/products/1f14a03e-3275-4799-8f04-974b90033d16_m.png",
    "title": "PUSRYČIŲ penkių grūdų duona skrudinimui, 450 g",
    "price": "0.99",
    "price_2": "2,2€/kg",
    "extra_info": "–40%"
  },
  {
    "image_url": "https://cdn.barbora.lt/products/42e03015-0f57-4424-b6f0-b21eea955409_m.png",
    "title": "Fermentinis ROKIŠKIO sūris, 45 % rieb. s. m., 240 g",
    "price": "1.99",
    "price_2": "8,3€/kg",
    "extra_info": "–30%"
  },
  {
    "image_url": "https://cdn.barbora.lt/products/9313590b-1028-4c5b-be9c-2ae0cea0bb54_m.png",
    "title": "Lapinės salotos vazonėlyje LOLLO BIONDO, 1 vnt.",
    "price": "1.29",
    "price_2": "1,29€/vnt.",
    "extra_info": "–35%"
  },
  {
    "image_url": "https://cdn.barbora.lt/products/53d3babf-a05b-4f4c-b9c1-08ba454231d5_m.png",
    "title": "Granatai, 1 kg",
    "price": "2.99",
    "price_2": "2,99€/kg",
    "extra_info": "–14%"
  },
  {
    "image_url": "https://cdn.barbora.lt/products/637d4377-bda3-413b-aa7d-5533fc0f7a42_m.png",
    "title": "Persiladas SANTA MARIA, 35 g",
    "price": "0.99",
    "price_2": null,
    "extra_info": "2 ar daugiau su –40%"
  },
  {
    "image_url": "https://cdn.barbora.lt/products/0ebd401b-c66c-4dd3-bd8a-c068b60156f9_m.png",
    "title": "Virtos GIMINIŲ dešrelės, a. r., 860 g",
    "price": "4.99",
    "price_2": "5,8€/kg",
    "extra_info": "–38%"
  },
  {
    "image_url": "https://cdn.barbora.lt/products/0e426c63-8ac1-42dd-b4a3-bb5d0c2b9b26_m.png",
    "title": "Marinuoti agurkėliai SPILVA, 670 g",
    "price": "2.01",
    "price_2": "3€/kg",
    "extra_info": "–40%"
  },
  {
    "image_url": "https://cdn.barbora.lt/products/397add33-6244-4e9e-9024-b21e77fbf342_m.png",
    "title": "Ekologiški česnakų milteliai SANTA MARIA, 46 g",
    "price": "3.29",
    "price_2": null,
    "extra_info": "2 ar daugiau su –40%"
  },
  {
    "image_url": "https://cdn.barbora.lt/products/b356cd7b-5745-4925-ac13-2901c23d2dd0_m.png",
    "title": "Petražolės, 50 g",
    "price": "0.99",
    "price_2": null,
    "extra_info": "2 ar daugiau su –40%"
  },
  {
    "image_url": "https://cdn.barbora.lt/products/f30d52e4-0e97-4c55-9608-6eefc4cb9d5a_m.png",
    "title": "Obuoliai CHAMPION, fasuoti, 65-75 mm, 1 kg",
    "price": "0.79",
    "price_2": "0,79€/kg",
    "extra_info": "–47%"
  },
  {
    "image_url": "https://cdn.barbora.lt/products/f3385496-6867-4208-af2f-f1499b0defed_m.png",
    "title": "Svogūnų laiškai LINKĖJIMAI IŠ KAIMO (fasuoti), 100 g",
    "price": "1.59",
    "price_2": null,
    "extra_info": "2 ar daugiau su –40%"
  },
  {
    "image_url": "https://cdn.barbora.lt/products/f4108c25-a6b9-462f-872e-98bef5e92847_m.png",
    "title": "Pop. rankšluosčiai BLOOM REGULAR, 2 sluoksnių, 300 lap., 1 vnt.",
    "price": "1.99",
    "price_2": null,
    "extra_info": "2 ar daugiau su –40%"
  },
  {
    "image_url": "https://cdn.barbora.lt/products/7f0aa49e-567f-4991-a4f1-f431a6a71d0b_m.png",
    "title": "Kosmetinės servetėlės BLOOM COMFORT, 3 sluoksnių, 90 vnt.",
    "price": "1.39",
    "price_2": null,
    "extra_info": "2 ar daugiau su –40%"
  },
  {
    "image_url": "https://cdn.barbora.lt/products/026b0464-324e-4c50-8caa-15d4738e5bb6_m.png",
    "title": "Tualetinis popierius BLOOM COMFORT SOFT ORANGE, 3 sluoksnių, 8 vnt.",
    "price": "2.59",
    "price_2": null,
    "extra_info": "2 ar daugiau su –40%"
  },
  {
    "image_url": "https://cdn.barbora.lt/products/9befff04-4a04-4c35-88ad-8c03460a13a3_m.png",
    "title": "Tarkuotas ROKIŠKIO sūris MOZZARELLA, 43 % rieb. s. m., 200 g",
    "price": "2.07",
    "price_2": "10,35€/kg",
    "extra_info": "–30%"
  },
  {
    "image_url": "https://cdn.barbora.lt/products/eade74de-661e-4aca-825b-0241ef03d455_m.png",
    "title": "Maltos saldžiosios paprikos SANTA MARIA, 22 g",
    "price": "0.99",
    "price_2": null,
    "extra_info": "2 ar daugiau su –40%"
  },
  {
    "image_url": "https://cdn.barbora.lt/products/43e59162-682a-426f-85c1-0984be6fa1bc_m.png",
    "title": "Šaldytos gruzdintos bulvytės FARM FRITES LONG & CRUNCHY, 600 g",
    "price": "1.65",
    "price_2": "2,75€/kg",
    "extra_info": "–41%"
  },
  {
    "image_url": "https://cdn.barbora.lt/products/6747b35c-86ac-4ed8-8e6f-fb72445b9900_m.png",
    "title": "Popieriniai rankšluosčiai ZEWA WISCH&WEG DESIGN (2 sluoksn.), 2 vnt.",
    "price": "5.49",
    "price_2": null,
    "extra_info": "2 ar daugiau su –40%"
  },
  {
    "image_url": "https://cdn.barbora.lt/products/93abec64-675a-4720-9b4b-0e477a7ff06a_m.png",
    "title": "Šaldytos apkeptos banguotos bulvių lazdelės AVIKO ZIG ZAG, 750 g",
    "price": "2.99",
    "price_2": null,
    "extra_info": "2 ar daugiau su –30%"
  },
  {
    "image_url": "https://cdn.barbora.lt/products/ae6974de-7c91-499d-b738-e3e6821b76fb_m.png",
    "title": "Popieriniai rankšluosčiai KLEENEX JUMBO, 2 sluoksnių, 1 vnt.",
    "price": "3.99",
    "price_2": "3,99€/vnt.",
    "extra_info": "–40%"
  },
  {
    "image_url": "https://cdn.barbora.lt/products/b01a63a3-300d-4e1c-85e0-8de37ec622ad_m.png",
    "title": "Šviežia broilerių filė kepsniams, užauginta be antibiotikų, 400 g",
    "price": "3.79",
    "price_2": "9,48€/kg",
    "extra_info": "–31%"
  },
  {
    "image_url": "https://cdn.barbora.lt/products/cac1b107-fa13-4ca9-b302-7b57df9f4723_m.png",
    "title": "Vytinta BERNŲ dešra, a. r., 200 g",
    "price": "3.24",
    "price_2": "16,2€/kg",
    "extra_info": "–50%"
  },
  {
    "image_url": "https://cdn.barbora.lt/products/f233d1d3-bd04-4a58-bdee-d7b72d013f69_m.png",
    "title": "Tarkuotas sūris makaronams DŽIUGAS MIX, 42 % rieb. s. m., 200 g",
    "price": "1.99",
    "price_2": "9,95€/kg",
    "extra_info": "–36%"
  },
  {
    "image_url": "https://cdn.barbora.lt/products/b8e26c70-db03-4fb6-9f31-035657fec615_m.png",
    "title": "Kalendros WELL DONE, 20 g",
    "price": "1.35",
    "price_2": null,
    "extra_info": "2 ar daugiau su –40%"
  },
  {
    "image_url": "https://cdn.barbora.lt/products/986fd2a5-2e74-4d0f-8278-ddfccb38f260_m.png",
    "title": "Virtos GIMINIŲ dešrelės, a. r., 260 g",
    "price": "2.39",
    "price_2": "9,2€/kg",
    "extra_info": "–11%"
  },
  {
    "image_url": "https://cdn.barbora.lt/products/6dbe54f4-2e44-48d6-993e-b65823af67ba_m.png",
    "title": "Spagečiai LA MOLISANA SPAGHETTI Nr. 15, 500 g",
    "price": "1.07",
    "price_2": "2,14€/kg",
    "extra_info": "–40%"
  },
  {
    "image_url": "https://cdn.barbora.lt/products/fd299e77-23a9-4f0f-bb60-1a2ae05b63b2_m.png",
    "title": "Tarkuotas sūris picai DŽIUGAS MIX, 43 % rieb. s. m., 200 g",
    "price": "1.99",
    "price_2": "9,95€/kg",
    "extra_info": "–36%"
  },
  {
    "image_url": "https://cdn.barbora.lt/products/e499870d-53eb-4492-bf1c-1689ad66be85_m.png",
    "title": "Vištienos prieskoniai SANTA MARIA, 30 g",
    "price": "0.99",
    "price_2": null,
    "extra_info": "2 ar daugiau su –40%"
  },
  {
    "image_url": "https://cdn.barbora.lt/products/dc8f51b8-a336-41ba-bfd0-01eef005755d_m.png",
    "title": "Valgomoji akmens druska SALT HILL N12, 1 kg",
    "price": "0.39",
    "price_2": "0,39€/kg",
    "extra_info": "–20%"
  },
  {
    "image_url": "https://cdn.barbora.lt/products/5d724187-f25f-44aa-974f-afc9bc943870_m.png",
    "title": "Kosmetinės servetėlės BLOOM DELUXE, 4 sluoksnių, 100 vnt.",
    "price": "1.79",
    "price_2": null,
    "extra_info": "2 ar daugiau su –40%"
  },
  {
    "image_url": "https://cdn.barbora.lt/products/47a25576-09e8-4230-a7a0-61dcff6cf329_m.png",
    "title": "Glaistytas varškės sūrelis MURR, maskarponės sk., 28 % rieb., 40 g",
    "price": "0.59",
    "price_2": null,
    "extra_info": "4 už 0,99€"
  },
  {
    "image_url": "https://cdn.barbora.lt/products/06f1cee5-75fd-493e-b7f3-7d6e5f144989_m.png",
    "title": "Šviežia pjaustyta kiaulienos nugarinė WELL DONE, 360 g",
    "price": "2.29",
    "price_2": "6,36€/kg",
    "extra_info": "–30%"
  },
  {
    "image_url": "https://cdn.barbora.lt/products/d7563521-f9c8-45dd-9ae1-1e34d184c255_m.png",
    "title": "Duona skrudinimui TOSTE PROTEIN, 380 g",
    "price": "1.69",
    "price_2": "4,45€/kg",
    "extra_info": "–19%"
  },
  {
    "image_url": "https://cdn.barbora.lt/products/a9bb8aae-9529-486e-a9f3-24e0b77960b4_m.png",
    "title": "Juoda raikyta duona JORĖ su saulėgrąžomis, 280 g",
    "price": "1.19",
    "price_2": "4,25€/kg",
    "extra_info": "–20%"
  },
  {
    "image_url": "https://cdn.barbora.lt/products/8ab2de33-21f5-49f0-8f3d-1e417766677b_m.png",
    "title": "Marinuoti agurkai SPILVA, 670 g",
    "price": "1.73",
    "price_2": "2,58€/kg",
    "extra_info": "–40%"
  },
  {
    "image_url": "https://cdn.barbora.lt/products/2863d957-0c6d-4434-b335-b964f8cb1b85_m.png",
    "title": "Žolelių ir česnakų mišinys SANTA MARIA, 28 g",
    "price": "1.39",
    "price_2": null,
    "extra_info": "2 ar daugiau su –40%"
  },
  {
    "image_url": "https://cdn.barbora.lt/products/ea677aba-0a08-487a-a43f-7969355c4927_m.png",
    "title": "Višt. faršas kotl. VILNIAUS PAUKŠTYNAS, rieb. maž. kaip 15 %, 400 g",
    "price": "1.99",
    "price_2": "4,98€/kg",
    "extra_info": "–33%"
  },
  {
    "image_url": "https://cdn.barbora.lt/products/845b75b5-3c5c-4b34-b84e-07bad16d1251_m.png",
    "title": "Varškės sūrelis MURR, sutirštinto pieno skonio, 28 % rieb., 40 g",
    "price": "0.59",
    "price_2": null,
    "extra_info": "4 už 0,99€"
  },
  {
    "image_url": "https://cdn.barbora.lt/products/ff92c7a8-5349-4089-abea-402e041ba885_m.png",
    "title": "Ekologiška varškė AUGA, 9 % rieb., 180 g",
    "price": "1.19",
    "price_2": "6,61€/kg",
    "extra_info": "–20%"
  },
  {
    "image_url": "https://cdn.barbora.lt/products/53be8ae5-d37f-442d-b2ef-d70d11d9f227_m.png",
    "title": "Petražolės, 25 g",
    "price": "0.89",
    "price_2": null,
    "extra_info": "2 ar daugiau su –40%"
  },
  {
    "image_url": "https://cdn.barbora.lt/products/b828dd99-d587-4dfe-a48c-5c18811c22e6_m.png",
    "title": "Fermentinis ROKIŠKIO NAMINIS sūris, 45 % rieb. s. m., 240 g",
    "price": "2.09",
    "price_2": "8,71€/kg",
    "extra_info": "–30%"
  },
  {
    "image_url": "https://cdn.barbora.lt/products/22f3bc81-8578-480f-acb4-129d782d996d_m.png",
    "title": "Popieriniai rankšluosčiai ZEWA Premium KLASSIK, 2 sluoksnių, 2 vnt.",
    "price": "2.39",
    "price_2": null,
    "extra_info": "2 ar daugiau su –40%"
  },
  {
    "image_url": "https://cdn.barbora.lt/products/e0c1443c-414b-4001-ad2b-949a55168bfe_m.png",
    "title": "Makaronai LA MOLISANA FUSILLI Nr. 28 (sraigteliai), 500 g",
    "price": "1.07",
    "price_2": "2,14€/kg",
    "extra_info": "–40%"
  },
  {
    "image_url": "https://cdn.barbora.lt/products/cb608549-d36c-4854-8458-1ead97a0a5ba_m.png",
    "title": "Pieninis šokoladas MILKA su neskaldytais lazdynų riešutais, 95 g",
    "price": "2.59",
    "price_2": null,
    "extra_info": "2 ar daugiau su –30%"
  },
  {
    "image_url": "https://cdn.barbora.lt/products/edba8069-cef9-468f-a569-0a96a62b74da_m.png",
    "title": "Korėjietiškos morkos, 400 g",
    "price": "1.39",
    "price_2": "3,48€/kg",
    "extra_info": "–30%"
  },
  {
    "image_url": "https://cdn.barbora.lt/products/d8909ec9-3002-421d-b3c5-6692bb2a6ecf_m.png",
    "title": "Gazuotas vanduo NEPTŪNAS, citrinų skonio, 1.5 l",
    "price": "0.85",
    "price_2": null,
    "extra_info": "2 už 0,89€"
  },
  {
    "image_url": "https://cdn.barbora.lt/products/ebd43af8-2b4b-4d08-86bb-112971e34f34_m.png",
    "title": "Šaldyti žalieji žirneliai WELL DONE, 400 g",
    "price": "1.25",
    "price_2": null,
    "extra_info": "2 ar daugiau su –30%"
  },
  {
    "image_url": "https://cdn.barbora.lt/products/ab580291-0372-4df5-ae60-16e05a5a331b_m.png",
    "title": "Tualet. popierius BLOOM COMFORT SOFT ECOLOGICAL, 3 sluoksnių, 8 vnt.",
    "price": "1.99",
    "price_2": null,
    "extra_info": "2 ar daugiau su –40%"
  },
  {
    "image_url": "https://cdn.barbora.lt/products/ed4e9e77-5fab-4e90-9c4d-3552ef501a0d_m.png",
    "title": "ROKIŠKIO NAMINIS sūris (riekelės), 45 % rieb. s. m., 150 g",
    "price": "1.59",
    "price_2": "10,6€/kg",
    "extra_info": "–31%"
  },
  {
    "image_url": "https://cdn.barbora.lt/products/4080fce4-272d-4649-a4d8-818940a65a41_m.png",
    "title": "Vištienos sultinys MAGGI (12 x 10 g), 120 g",
    "price": "0.71",
    "price_2": "5,92€/kg",
    "extra_info": "–40%"
  },
  {
    "image_url": "https://cdn.barbora.lt/products/6fac95e7-6667-4595-8b73-82251654c771_m.png",
    "title": "LIETUVIŠKI viščiukų broilerių sparnų peteliai WELL DONE, 500 g",
    "price": "1.99",
    "price_2": "3,98€/kg",
    "extra_info": "–13%"
  },
  {
    "image_url": "https://cdn.barbora.lt/products/331654a3-575e-40c7-b630-ffdb4a0038ad_m.png",
    "title": "Popieriniai rankšluosčiai BLOOM JUMBO, 2 sluoksnių, 1 vnt.",
    "price": "2.99",
    "price_2": null,
    "extra_info": "2 ar daugiau su –40%"
  },
  {
    "image_url": "https://cdn.barbora.lt/products/624b498a-b125-4fce-a4c7-3c06d94577b7_m.png",
    "title": "Šv. vištien. faršas VILNIAUS PAUKŠTYNAS, rieb. maž. nei 15 %, 400 g",
    "price": "1.69",
    "price_2": "4,23€/kg",
    "extra_info": "–32%"
  },
  {
    "image_url": "https://cdn.barbora.lt/products/77597af8-21be-4368-8cf2-17f63eb51017_m.png",
    "title": "Bulvių prieskoniai SANTA MARIA, 30 g",
    "price": "0.99",
    "price_2": null,
    "extra_info": "2 ar daugiau su –40%"
  },
  {
    "image_url": "https://cdn.barbora.lt/products/4b66e411-088c-4171-9260-a60b35357a8e_m.png",
    "title": "Takų prieskonių mišinys SANTA MARIA TEX MEX, 28 g",
    "price": "1.29",
    "price_2": null,
    "extra_info": "2 ar daugiau su –40%"
  },
  {
    "image_url": "https://cdn.barbora.lt/products/0488091b-3b91-4f17-bad4-f1934fad5fd1_m.png",
    "title": "Avokadai HASS, 750 g",
    "price": "2.79",
    "price_2": "3,72€/kg",
    "extra_info": "–30%"
  },
  {
    "image_url": "https://cdn.barbora.lt/products/2a091dd1-e8d2-43b7-aa23-0b9405d5bebb_m.png",
    "title": "Ruginė raikyta duona JONĖ be mielių, 390 g",
    "price": "1.35",
    "price_2": "3,46€/kg",
    "extra_info": "–18%"
  },
  {
    "image_url": "https://cdn.barbora.lt/products/2cbec4f4-24a8-460c-ab99-42b0517f34e9_m.png",
    "title": "Kosmetinės servetėlės BLOOM COMFORT, 2 sluoksnių, 150 vnt.",
    "price": "1.49",
    "price_2": null,
    "extra_info": "2 ar daugiau su –40%"
  },
  {
    "image_url": "https://cdn.barbora.lt/products/0962053d-53cd-44be-b7b1-3a367e3f27e1_m.png",
    "title": "Vytinta JUBILIEJAUS dešra, a.r., 200 g",
    "price": "6.59",
    "price_2": null,
    "extra_info": "2 už 6,99€"
  },
  {
    "image_url": "https://cdn.barbora.lt/products/95ef9027-d06c-4f12-99f3-dd2af07a89e2_m.png",
    "title": "Sūdyta skandinaviška silkių filė be aliejaus WELL DONE, 190 g",
    "price": "1.59",
    "price_2": "8,37€/kg",
    "extra_info": "–31%"
  },
  {
    "image_url": "https://cdn.barbora.lt/products/eb5231e7-e4dc-44da-83c9-0c2a0c788518_m.png",
    "title": "Krapai SANTA MARIA, 7 g",
    "price": "0.99",
    "price_2": null,
    "extra_info": "2 ar daugiau su –40%"
  },
  {
    "image_url": "https://cdn.barbora.lt/products/7da951a5-bdc3-4e7b-9a04-55686b6c5dbe_m.png",
    "title": "Kotletų prieskoniai SANTA MARIA, 28 g",
    "price": "0.99",
    "price_2": null,
    "extra_info": "2 ar daugiau su –40%"
  },
  {
    "image_url": "https://cdn.barbora.lt/products/f326e1a6-a224-4328-a482-151ef5741a55_m.png",
    "title": "Fermentinis ROKIŠKIO sūris (riekelės), 48 % rieb. s. m., 150 g",
    "price": "1.39",
    "price_2": "9,27€/kg",
    "extra_info": "–32%"
  },
  {
    "image_url": "https://cdn.barbora.lt/products/9d4657ab-1e39-42ca-a374-9c19b49db60d_m.png",
    "title": "Šaldytos šparaginės pupelės WELL DONE, 400 g",
    "price": "1.29",
    "price_2": null,
    "extra_info": "2 ar daugiau su –30%"
  },
  {
    "image_url": "https://cdn.barbora.lt/products/84eb8e59-ff8a-477a-83fc-f7fef90be9bb_m.png",
    "title": "Šviežios vištienos dešrelės be pridėtinių E, 400 g",
    "price": "2.39",
    "price_2": "5,98€/kg",
    "extra_info": "–32%"
  },
  {
    "image_url": "https://cdn.barbora.lt/products/0f0092d6-52bb-47c7-9827-f7479600f56b_m.png",
    "title": "PUSRYČIŲ batonas, 500 g",
    "price": "0.59",
    "price_2": "1,18€/kg",
    "extra_info": "–40%"
  },
  {
    "image_url": "https://cdn.barbora.lt/products/6144e7b1-79e8-4f3f-bbe2-664c87c8daa4_m.png",
    "title": "Ekologiškas sviestas AUGA, 82 % rieb., 180 g",
    "price": "2.36",
    "price_2": "13,11€/kg",
    "extra_info": "–20%"
  },
  {
    "image_url": "https://cdn.barbora.lt/products/fb399119-eb2a-4b18-abd2-61f7f1ef7d2c_m.png",
    "title": "Gl. VILKYŠKIŲ sūrelis LESS SUGAR, vanilės skonio, 30 % rieb., 40 g",
    "price": "0.65",
    "price_2": null,
    "extra_info": "4 už 0,99€"
  },
  {
    "image_url": "https://cdn.barbora.lt/products/f8a1bd3a-3555-42de-ae00-fcc582ee36ab_m.png",
    "title": "Indų ploviklis BALANCE, 450 ml",
    "price": "1.19",
    "price_2": "2,64€/l",
    "extra_info": "–40%"
  },
  {
    "image_url": "https://cdn.barbora.lt/products/b936cba4-c9fc-473a-8eb6-590c420ee29e_m.png",
    "title": "Šaltai rūkyti kiaulienos šoninės kubeliai MORLINY, a. r., 200 g",
    "price": "1.95",
    "price_2": "9,75€/kg",
    "extra_info": "–20%"
  },
  {
    "image_url": "https://cdn.barbora.lt/products/46385b04-f6fb-4581-a563-275292835d9e_m.png",
    "title": "Juoda duona JORĖ, pagardinta saulėgrąžomis, 580 g",
    "price": "1.99",
    "price_2": "3,43€/kg",
    "extra_info": "–20%"
  },
  {
    "image_url": "https://cdn.barbora.lt/products/b0a81e79-6ac1-410a-beba-5aa23ba406a9_m.png",
    "title": "Tualetinis popierius BLOOM COMFORT SOFT ORANGE, 3 sluoksnių, 16 vnt.",
    "price": "5.59",
    "price_2": null,
    "extra_info": "2 ar daugiau su –40%"
  },
  {
    "image_url": "https://cdn.barbora.lt/products/ccf2aa92-0533-462a-943d-dc6ca267a7f6_m.png",
    "title": "Ekologiškas pienas AUGA, 3,5 % rieb., 1 l",
    "price": "1.43",
    "price_2": "1,43€/l",
    "extra_info": "–20%"
  },
  {
    "image_url": "https://cdn.barbora.lt/products/f06bd098-b75f-40ce-9030-5e50660b5424_m.png",
    "title": "Sojų produktas maistui gaminti ALPRO, 250 ml",
    "price": "1.32",
    "price_2": "5,28€/l",
    "extra_info": "–30%"
  },
  {
    "image_url": "https://cdn.barbora.lt/products/66392b7b-4f16-42dc-adc7-ac4d655799ff_m.png",
    "title": "Ant kraiko laikomų vištų kiaušiniai WELL DONE, M, 10 vnt., 10 vnt.",
    "price": "2.19",
    "price_2": "0,22€/vnt.",
    "extra_info": "–11%"
  },
  {
    "image_url": "https://cdn.barbora.lt/products/4345a72d-0e3d-422b-a246-d1e98520717f_m.png",
    "title": "Virtas vištienos krūtinėlės kumpelis, 280 g, 280 g",
    "price": "2.99",
    "price_2": null,
    "extra_info": "2 už 3,99€"
  },
  {
    "image_url": "https://cdn.barbora.lt/products/46506def-784b-48ee-b0a9-d88ae9dbfa49_m.png",
    "title": "Gazuotas vanduo NEPTŪNAS, mėtų skonio, 1,5 l, 1.5 l",
    "price": "0.85",
    "price_2": null,
    "extra_info": "2 už 0,89€"
  },
  {
    "image_url": "https://cdn.barbora.lt/products/f3ac3241-cb12-4b59-9ea6-d4df4c9c0fcd_m.png",
    "title": "Valg. krem. jogurtas su šok. rutuliukais FANTASIA, 8,3%rieb., 100 g",
    "price": "0.89",
    "price_2": null,
    "extra_info": "3 už 2,39€"
  },
  {
    "image_url": "https://cdn.barbora.lt/products/baa82acc-8b06-445d-a937-eadf7a6efb60_m.png",
    "title": "Višt. filė faršas VILNIAUS PAUKŠTYNAS, rieb. mažiau kaip 15%, 400 g",
    "price": "1.99",
    "price_2": "4,98€/kg",
    "extra_info": "–33%"
  },
  {
    "image_url": "https://cdn.barbora.lt/products/f7deb9d7-fc72-4368-a4d1-e4fdad8f039a_m.png",
    "title": "Ekologiška grietinė AUGA, 30 % rieb., 400 g",
    "price": "2.36",
    "price_2": "5,9€/kg",
    "extra_info": "–20%"
  },
  {
    "image_url": "https://cdn.barbora.lt/products/cf2e4183-bcbc-44bb-9f87-4b9fd893d2ea_m.png",
    "title": "Pieno batonėlis KINDER MAXI KING, 105 g",
    "price": "2.69",
    "price_2": null,
    "extra_info": "2 ar daugiau su –30%"
  },
  {
    "image_url": "https://cdn.barbora.lt/products/7e89d65d-4e34-463b-ae86-fe4a982ee4a7_m.png",
    "title": "Laiškiniai česnakai WELL DONE, 20 g",
    "price": "1.35",
    "price_2": null,
    "extra_info": "2 ar daugiau su –40%"
  },
  {
    "image_url": "https://cdn.barbora.lt/products/186b609e-ddba-48b2-b2e6-d551427930f3_m.png",
    "title": "Gazuotas stalo vanduo NEPTŪNAS, žal. citr. ir aviečių skonio, 1.5 l",
    "price": "0.85",
    "price_2": null,
    "extra_info": "2 už 0,89€"
  },
  {
    "image_url": "https://cdn.barbora.lt/products/6ba43b86-1c3e-44f9-95f4-5f0458b16bd5_m.png",
    "title": "Tarkuotas kietasis sūris salotoms DŽIUGAS MIX, 40% rieb.s.m., 200 g",
    "price": "1.99",
    "price_2": "9,95€/kg",
    "extra_info": "–36%"
  },
  {
    "image_url": "https://cdn.barbora.lt/products/a387c577-4226-4be3-8423-89e15180bb01_m.png",
    "title": "Virtos pieniškos dešrelės KAI NORISI MĖSOS, a. r., 280 g",
    "price": "1.69",
    "price_2": "6,04€/kg",
    "extra_info": "–50%"
  },
  {
    "image_url": "https://cdn.barbora.lt/products/08ffbaaa-241b-4ff2-b78a-50df00957774_m.png",
    "title": "Šaldytas daržovių mišinys ŽIEMOS sriubai WELL DONE, 400 g",
    "price": "0.79",
    "price_2": null,
    "extra_info": "2 ar daugiau su –30%"
  },
  {
    "image_url": "https://cdn.barbora.lt/products/e5eb156f-c4e7-4e50-9739-047496a555f8_m.png",
    "title": "Pieninis šokoladas MILKA, 90 g",
    "price": "2.59",
    "price_2": null,
    "extra_info": "2 ar daugiau su –30%"
  },
  {
    "image_url": "https://cdn.barbora.lt/products/00eb0dd1-1509-4b65-8e97-be545d34f2dc_m.png",
    "title": "ROKIŠKIO mocarela, 45 % rieb. s. m., 150 g",
    "price": "1.79",
    "price_2": "11,94€/kg",
    "extra_info": "–31%"
  },
  {
    "image_url": "https://cdn.barbora.lt/products/e77d7ba6-7e16-447e-9548-f35b95212366_m.png",
    "title": "Ekologiškas natūralus jogurtas AUGA, 4,3 % rieb., 350 g",
    "price": "1.59",
    "price_2": "4,55€/kg",
    "extra_info": "–20%"
  },
  {
    "image_url": "https://cdn.barbora.lt/products/e8a146cd-6a14-4a41-89e6-b55302aaf39f_m.png",
    "title": "Gl. VILKYŠKIŲ sūrelis LESS SUGAR su sūria karam., 30 % rieb., 40 g",
    "price": "0.65",
    "price_2": null,
    "extra_info": "4 už 0,99€"
  },
  {
    "image_url": "https://cdn.barbora.lt/products/4f9c5733-4dd8-4ba9-b673-8a7af982c9b6_m.png",
    "title": "Šaldytos bulvytės gruzdinimui EXTRA LINE, 1 kg",
    "price": "1.69",
    "price_2": null,
    "extra_info": "2 ar daugiau su –30%"
  },
  {
    "image_url": "https://cdn.barbora.lt/products/908d7a09-1963-4d90-acba-3b51ec1163fc_m.png",
    "title": "Švieži broilerių sparnų peteliai, užauginta be antibiotikų, 500 g",
    "price": "2.39",
    "price_2": "4,78€/kg",
    "extra_info": "–32%"
  },
  {
    "image_url": "https://cdn.barbora.lt/products/584600a5-e5f0-4f6d-8342-86a53e174f5d_m.png",
    "title": "Drėgnosios kūdikių servetėlės PEPPINS EVERYDAY, 72 vnt.",
    "price": "0.69",
    "price_2": "0,01€/vnt.",
    "extra_info": "–30%"
  },
  {
    "image_url": "https://cdn.barbora.lt/products/c79f91a1-6eea-4e4f-a97d-25ad92dc2813_m.png",
    "title": "Makaronai LAMOLISANA spiralės, 500 g",
    "price": "1.13",
    "price_2": "2,26€/kg",
    "extra_info": "–40%"
  },
  {
    "image_url": "https://cdn.barbora.lt/products/fcd7ce16-6205-40a9-966b-54c2907774b9_m.png",
    "title": "Sviestas WELL DONE, 82 % rieb., 170 g",
    "price": "1.29",
    "price_2": "7,59€/kg",
    "extra_info": "–44%"
  },
  {
    "image_url": "https://cdn.barbora.lt/products/52a72363-d9f6-47e6-8f16-4b2bf663d535_m.png",
    "title": "Vištienos marinatas SANTA MARIA, 75 g",
    "price": "0.99",
    "price_2": null,
    "extra_info": "2 ar daugiau su –40%"
  },
  {
    "image_url": "https://cdn.barbora.lt/products/4baa6627-5a1c-4f16-9e9d-4964de4ca84e_m.png",
    "title": "Glaist. VILKYŠKIŲ varškės sūrelis su žemuogėmis, 23 % rieb., 40 g",
    "price": "0.59",
    "price_2": null,
    "extra_info": "4 už 0,99€"
  },
  {
    "image_url": "https://cdn.barbora.lt/products/39ee86e5-df72-4818-acd8-5c13c32e46b9_m.png",
    "title": "Migdolinis gėrimas be cukrų ALPRO, 1 l",
    "price": "2.3",
    "price_2": "2,3€/l",
    "extra_info": "–30%"
  },
  {
    "image_url": "https://cdn.barbora.lt/products/d7cb6df2-4199-4d6d-b0d9-9c7283119f9c_m.png",
    "title": "Šaldyti brokoliai WELL DONE, 400 g",
    "price": "1.65",
    "price_2": null,
    "extra_info": "2 ar daugiau su –30%"
  },
  {
    "image_url": "https://cdn.barbora.lt/products/0868d524-bdb6-482d-ac73-2256159e7e1e_m.png",
    "title": "GARDĖSIO VAIKŲ SVAJONIŲ bandelės su varškės įdaru, 2 vnt., 130 g",
    "price": "1.19",
    "price_2": "9,15€/kg",
    "extra_info": "–20%"
  },
  {
    "image_url": "https://cdn.barbora.lt/products/faf89df8-ebe0-4bb6-8728-9c984fffa945_m.png",
    "title": "Šokoladinių batonėlių rinkinys KINDER PINGUI, 28,3 % rieb., 120 g",
    "price": "2.69",
    "price_2": null,
    "extra_info": "2 ar daugiau su –30%"
  },
  {
    "image_url": "https://cdn.barbora.lt/products/406f2a1d-6ff9-460d-8c54-c01cbefb4eb9_m.png",
    "title": "Rūkytas lydytas sūris VISIEMS, 40 % rieb. s. m., 330 g",
    "price": "1.89",
    "price_2": "5,72€/kg",
    "extra_info": "–31%"
  },
  {
    "image_url": "https://cdn.barbora.lt/products/d78953df-2f95-466c-ad13-672a60ef9d71_m.png",
    "title": "Makaronai LA MOLISANA (radiatoriai), 500 g",
    "price": "1.07",
    "price_2": "2,14€/kg",
    "extra_info": "–40%"
  },
  {
    "image_url": "https://cdn.barbora.lt/products/14e5fe73-1224-4a36-8b6c-8a40e7b72a87_m.png",
    "title": "Meduolių prieskoniai SANTA MARIA, 30 g",
    "price": "1.49",
    "price_2": null,
    "extra_info": "2 ar daugiau su –40%"
  },
  {
    "image_url": "https://cdn.barbora.lt/products/910b7be9-ebb0-4776-8dff-dd4197fe517d_m.png",
    "title": "Karštai rūkyta BIOVELOS PANEVĖŽIO filė, I r., 1 kg",
    "price": "8.99",
    "price_2": "8,99€/kg",
    "extra_info": "–18%"
  },
  {
    "image_url": "https://cdn.barbora.lt/products/1ef18cc9-836e-413b-bccd-aa0780aaf827_m.png",
    "title": "Šaldytas daržovių mišinys BONDUELLE 4 SEASONS MIX, 400 g",
    "price": "1.85",
    "price_2": null,
    "extra_info": "2 ar daugiau su –30%"
  },
  {
    "image_url": "https://cdn.barbora.lt/products/5d278da2-7019-4441-85d5-638b5f4d61c0_m.png",
    "title": "Šaltyje džiovintų braškių griežinėliai SUMMMER, 11 g",
    "price": "1.49",
    "price_2": "135,46€/kg",
    "extra_info": "–25%"
  },
  {
    "image_url": "https://cdn.barbora.lt/products/9a04b396-3591-4e39-ba40-305d39329af2_m.png",
    "title": "Valgomasis graikiškas jogurtas ALMA, 4 % rieb., 180 g",
    "price": "0.95",
    "price_2": "5,28€/kg",
    "extra_info": "–20%"
  },
  {
    "image_url": "https://cdn.barbora.lt/products/e6031a1b-db96-413a-9016-913ffca99ca2_m.png",
    "title": "Ekologiškas vištienos sultinys MAGGI, 80 g",
    "price": "1.79",
    "price_2": "22,38€/kg",
    "extra_info": "–40%"
  },
  {
    "image_url": "https://cdn.barbora.lt/products/29de5110-52c6-4704-a010-645712b94fc1_m.png",
    "title": "Glaistytas VILKYŠKIŲ varškės sūrelis LESS SUGAR, braškių sk., 30 %, 40 g",
    "price": "0.65",
    "price_2": null,
    "extra_info": "4 už 0,99€"
  },
  {
    "image_url": "https://cdn.barbora.lt/products/3fad4fe7-94ff-4e76-a261-bc5302e09a31_m.png",
    "title": "Mėtos WELL DONE, 20 g",
    "price": "1.35",
    "price_2": null,
    "extra_info": "2 ar daugiau su –40%"
  },
  {
    "image_url": "https://cdn.barbora.lt/products/a0706fff-3954-414b-aefa-e8b71f9604ea_m.png",
    "title": "Visų grūdo dalių bemielė duona BEATOS VIRTUVĖ, 300 g",
    "price": "1.39",
    "price_2": "4,64€/kg",
    "extra_info": "–22%"
  },
  {
    "image_url": "https://cdn.barbora.lt/products/b369bb15-bef7-41c0-95ea-1aae690fa3ee_m.png",
    "title": "Glaistytas VILKYŠKIŲ vanilės sk. varškės sūrelis, 24 % rieb., 40 g",
    "price": "0.59",
    "price_2": null,
    "extra_info": "4 už 0,99€"
  },
  {
    "image_url": "https://cdn.barbora.lt/products/38dec2d8-189d-4996-9bcc-c3e904b790b6_m.png",
    "title": "Rozmarinai WELL DONE, 20 g",
    "price": "1.35",
    "price_2": null,
    "extra_info": "2 ar daugiau su –40%"
  },
  {
    "image_url": "https://cdn.barbora.lt/products/d6ce8ac8-3793-414d-96e4-b25350fbfde9_m.png",
    "title": "Avižų gėrimas ALPRO BARISTA, 1 l",
    "price": "2.58",
    "price_2": "2,58€/l",
    "extra_info": "–30%"
  },
  {
    "image_url": "https://cdn.barbora.lt/products/d89827fb-25d9-4693-8f3e-286002499a18_m.png",
    "title": "Raikytas SUMUŠTINIŲ batonas VILNIAUS DUONA, 350 g",
    "price": "0.99",
    "price_2": "2,83€/kg",
    "extra_info": "–21%"
  },
  {
    "image_url": "https://cdn.barbora.lt/products/4e653da1-84f6-4949-8ba1-e4737103b2ec_m.png",
    "title": "Raud.čeder.sūrisWELL DONE 52%gab,200g, 200 g",
    "price": "2.39",
    "price_2": "11,95€/kg",
    "extra_info": "–20%"
  },
  {
    "image_url": "https://cdn.barbora.lt/products/237f52a1-987f-4994-b4f5-83e9a4e531df_m.png",
    "title": "Juoda raikyta duona JORĖ, 290 g",
    "price": "1.09",
    "price_2": "3,76€/kg",
    "extra_info": "–19%"
  },
  {
    "image_url": "https://cdn.barbora.lt/products/aa6c1851-b199-4547-bbb8-6331ab674a32_m.png",
    "title": "VILKYŠKIŲ glaistytas sūrelis MURR, braškinės panakotos sk., 29 %, 40 g",
    "price": "0.59",
    "price_2": null,
    "extra_info": "4 už 0,99€"
  },
  {
    "image_url": "https://cdn.barbora.lt/products/ee730c39-ad78-4f9a-87c3-3cfef75a8acf_m.png",
    "title": "Virta dešra KAI NORISI MĖSOS, a. r., 340 g",
    "price": "1.89",
    "price_2": "5,56€/kg",
    "extra_info": "–50%"
  },
  {
    "image_url": "https://cdn.barbora.lt/products/68e56dba-dba9-4928-8cfb-94d64fe0f5a0_m.png",
    "title": "Marinuoti agurkėliai SPILVA, 330 g",
    "price": "1.37",
    "price_2": "4,15€/kg",
    "extra_info": "–40%"
  },
  {
    "image_url": "https://cdn.barbora.lt/products/912fa769-d482-4766-8d99-12970172bd57_m.png",
    "title": "Popieriniai rankšluosčiai ZEWA JUMBO PREMIUM (3 sluoksnių), 1 vnt.",
    "price": "6.39",
    "price_2": null,
    "extra_info": "2 ar daugiau su –40%"
  },
  {
    "image_url": "https://cdn.barbora.lt/products/78a0d3ae-4471-4790-bddc-e5f848c05d88_m.png",
    "title": "Kokosų gėrimas ALPRO BARISTA, 1 l",
    "price": "2.58",
    "price_2": "2,58€/l",
    "extra_info": "–30%"
  },
  {
    "image_url": "https://cdn.barbora.lt/products/2d14cefd-a7d1-4cde-b1ce-64ee7e90d53a_m.png",
    "title": "Ekologiškos daržovių lazdelės ORGANIX, nuo 7 mėn., 15 g",
    "price": "1.19",
    "price_2": "79,34€/kg",
    "extra_info": "–40%"
  },
  {
    "image_url": "https://cdn.barbora.lt/products/87de948e-e409-4bfe-a28a-a2938aa951e4_m.png",
    "title": "Čiobreliai SANTA MARIA, 10 g",
    "price": "0.99",
    "price_2": null,
    "extra_info": "2 ar daugiau su –40%"
  },
  {
    "image_url": "https://cdn.barbora.lt/products/8b66ea23-b75a-4577-8114-81bd8037bb1b_m.png",
    "title": "VERBŪNŲ šviesi plikyta duona, 600 g",
    "price": "1.39",
    "price_2": "2,32€/kg",
    "extra_info": "–18%"
  },
  {
    "image_url": "https://cdn.barbora.lt/products/f9327da1-5c66-4266-a07f-f7e9215c45ed_m.png",
    "title": "Varškės sūrelis LESS SUGAR, karameliz. bananų sk., 30% rieb., 40 g",
    "price": "0.65",
    "price_2": null,
    "extra_info": "4 už 0,99€"
  },
  {
    "image_url": "https://cdn.barbora.lt/products/38ee0009-99f9-4733-bc59-e68d03097611_m.png",
    "title": "Triufeliai PERGALĖ CLASSIC, 200 g",
    "price": "3.59",
    "price_2": null,
    "extra_info": "2 ar daugiau su –30%"
  },
  {
    "image_url": "https://cdn.barbora.lt/products/57df700e-1502-4f78-8231-0f679c4cac7a_m.png",
    "title": "Juodieji pipirai SANTA MARIA (žirneliai), 22 g",
    "price": "1.49",
    "price_2": null,
    "extra_info": "2 ar daugiau su –40%"
  },
  {
    "image_url": "https://cdn.barbora.lt/products/c99f7b9a-2390-44e9-b70d-74df01b30d24_m.png",
    "title": "Šviežios vištienos dešrelės su žolelėmis, 400 g",
    "price": "2.39",
    "price_2": "5,98€/kg",
    "extra_info": "–32%"
  },
  {
    "image_url": "https://cdn.barbora.lt/products/6c88218a-f52c-4049-a949-c6ddff6e38db_m.png",
    "title": "Ekologiškas pienas AUGA, 2,5 % rieb., 1 l",
    "price": "1.35",
    "price_2": "1,35€/l",
    "extra_info": "–20%"
  },
  {
    "image_url": "https://cdn.barbora.lt/products/4312c92b-832a-4e16-84d5-fe4e7a61d7d2_m.png",
    "title": "Maltas cinamonas SANTA MARIA, 22 g",
    "price": "1.39",
    "price_2": null,
    "extra_info": "2 ar daugiau su –40%"
  },
  {
    "image_url": "https://cdn.barbora.lt/products/96e5a69b-d8b4-4736-8bd3-8e758bb16e1a_m.png",
    "title": "Kosmetinės servetėlės GRITE ORCHIDEA (3 sluoksnių), 100 vnt.",
    "price": "1.89",
    "price_2": null,
    "extra_info": "2 ar daugiau su –40%"
  },
  {
    "image_url": "https://cdn.barbora.lt/products/a2357802-2fb4-4d3d-874f-50d526becd3a_m.png",
    "title": "Plėšomosios sviestinės bandelės BRIOCHE, 300 g",
    "price": "1.49",
    "price_2": "4,97€/kg",
    "extra_info": "–38%"
  },
  {
    "image_url": "https://cdn.barbora.lt/products/4dc12c72-34f5-404f-a77d-b9b8ba8adc2e_m.png",
    "title": "Česnakų granulės SAUDA, 45 g",
    "price": "0.85",
    "price_2": null,
    "extra_info": "2 ar daugiau su –40%"
  },
  {
    "image_url": "https://cdn.barbora.lt/products/3bf3dec7-ca78-405b-8538-015a7711e389_m.png",
    "title": "Ekologiškas kefyras AUGA, 2,5 % rieb., 1 l",
    "price": "1.51",
    "price_2": "1,51€/l",
    "extra_info": "–20%"
  },
  {
    "image_url": "https://cdn.barbora.lt/products/8db58db6-40f1-4ab7-9f90-7ee9536a9230_m.png",
    "title": "Česnakų granulės SALDVA, 32 g",
    "price": "0.89",
    "price_2": null,
    "extra_info": "2 ar daugiau su –40%"
  },
  {
    "image_url": "https://cdn.barbora.lt/products/477d6f7d-5f47-4e7a-8397-fbe3b1577f97_m.png",
    "title": "Tualetinis popierius GRITE FAMILY (3 sluoksnių), 8 vnt.",
    "price": "2.59",
    "price_2": null,
    "extra_info": "2 ar daugiau su –40%"
  },
  {
    "image_url": "https://cdn.barbora.lt/products/74e18e95-cf67-4889-a53f-1a2bc4ec46be_m.png",
    "title": "Vienkartinės nosinaitės ZEWA NATURAL SOFT, 4 sluoksnių, 80 vnt.",
    "price": "2.89",
    "price_2": null,
    "extra_info": "2 ar daugiau su –40%"
  },
  {
    "image_url": "https://cdn.barbora.lt/products/f0136392-f124-4882-b2f1-946fbab8c1f0_m.png",
    "title": "Popierinis rankšluostis  Zewa W&W Original, 4 rit, 2sl",
    "price": "5.49",
    "price_2": null,
    "extra_info": "2 ar daugiau su –40%"
  },
  {
    "image_url": "https://cdn.barbora.lt/products/9f00cb85-4595-4d07-abfe-65c00aab3fbd_m.png",
    "title": "Juodasis šokoladas (72 %) PERGALĖ, 200 g",
    "price": "5.79",
    "price_2": null,
    "extra_info": "2 ar daugiau su –30%"
  },
  {
    "image_url": "https://cdn.barbora.lt/products/ebe4daf6-ae1f-495a-b519-507420f94be0_m.png",
    "title": "Avietinės vaisių juostelės VERI BERI, 50 g",
    "price": "1.49",
    "price_2": null,
    "extra_info": "2 ar daugiau su –30%"
  },
  {
    "image_url": "https://cdn.barbora.lt/products/e7b10e41-9a08-4188-8293-83708f200b48_m.png",
    "title": "ROKIŠKIO NAMINIS sūris, 45 % rieb. s. m., 500 g",
    "price": "4.19",
    "price_2": "8,38€/kg",
    "extra_info": "–30%"
  },
  {
    "image_url": "https://cdn.barbora.lt/products/6b86a5b2-c865-449e-a910-5c5a84180e38_m.png",
    "title": "Provanso žolelės SANTA MARIA, 6 g",
    "price": "0.99",
    "price_2": null,
    "extra_info": "2 ar daugiau su –40%"
  },
  {
    "image_url": "https://cdn.barbora.lt/products/0bab6cb4-cdd2-4a92-9ff8-077c975b5f44_m.png",
    "title": "Viduržemio jūros prieskoninių žolelių mišinys SANTA MARIA, 12 g",
    "price": "0.99",
    "price_2": null,
    "extra_info": "2 ar daugiau su –40%"
  },
  {
    "image_url": "https://cdn.barbora.lt/products/1cea45fc-c4e3-478e-b29b-b7d91978c294_m.png",
    "title": "Gvazdikėliai SANTA MARIA, 10 g",
    "price": "1.19",
    "price_2": null,
    "extra_info": "2 ar daugiau su –40%"
  },
  {
    "image_url": "https://cdn.barbora.lt/products/4cba756b-a1d7-4a32-a2e5-e6aedb3e90bf_m.png",
    "title": "Tepamasis lydytas sūrelis ROKIŠKIO GRAND, 23 % rieb., 175 g",
    "price": "1.95",
    "price_2": null,
    "extra_info": "2 už 3,49€"
  },
  {
    "image_url": "https://cdn.barbora.lt/products/d4e3baff-7921-445d-8072-f36d37ad64d2_m.png",
    "title": "Trikampiai kukurūzų trapučiai SAULĖS GRŪDAS, pomidorų skonio, 60 g",
    "price": "1.25",
    "price_2": null,
    "extra_info": "2 už 1,89€"
  },
  {
    "image_url": "https://cdn.barbora.lt/products/f8500f13-bc93-4db8-b2d6-348d23430798_m.png",
    "title": "Makaronai LA MOLISANA PENNE RIGATE Nr. 20 (vamzdeliai), 500 g",
    "price": "1.07",
    "price_2": "2,14€/kg",
    "extra_info": "–40%"
  },
  {
    "image_url": "https://cdn.barbora.lt/products/d4d02242-d09c-4b4b-9718-1106e35aa9fd_m.png",
    "title": "Pieninis šokoladas MILKA BUBBLY COCONUT, 97 g",
    "price": "2.59",
    "price_2": null,
    "extra_info": "2 ar daugiau su –30%"
  },
  {
    "image_url": "https://cdn.barbora.lt/products/b85e9f76-704f-4c3a-a4f9-d0d823919532_m.png",
    "title": "Makaronai LA MOLISANA FARFALLE RIGATE Nr. 66 (kaspinėliai), 500 g",
    "price": "1.07",
    "price_2": "2,14€/kg",
    "extra_info": "–40%"
  },
  {
    "image_url": "https://cdn.barbora.lt/products/c88d5132-fd4d-4c62-8b1a-cbb8ed7af3d0_m.png",
    "title": "Karštojo vyno prieskoniai SALDVA, 40 g",
    "price": "1.39",
    "price_2": null,
    "extra_info": "2 ar daugiau su –40%"
  },
  {
    "image_url": "https://cdn.barbora.lt/products/fbbdb47f-81bb-467f-8945-2ce89ab2a987_m.png",
    "title": "Mėsos prieskoniai SANTA MARIA su priesk. žolel. ir česnakais, 20 g",
    "price": "0.99",
    "price_2": null,
    "extra_info": "2 ar daugiau su –40%"
  },
  {
    "image_url": "https://cdn.barbora.lt/products/4524fe77-8286-44ab-8559-8bbd59ebcf8d_m.png",
    "title": "Česnakinis mėsos ir vištienos marinatas SANTA MARIA BBQ, 75 g",
    "price": "0.99",
    "price_2": null,
    "extra_info": "2 ar daugiau su –40%"
  },
  {
    "image_url": "https://cdn.barbora.lt/products/5c6193d2-94a0-4ccb-bc0f-e4ce5036f40f_m.png",
    "title": "Popieriniai rankšluosčiai BLOOM REGULAR, 2 sluoksnių, 2 vnt.",
    "price": "1.59",
    "price_2": null,
    "extra_info": "2 ar daugiau su –40%"
  },
  {
    "image_url": "https://cdn.barbora.lt/products/72ca5872-307f-4cb8-bc3f-1926df5fb10d_m.png",
    "title": "Lapiniai popieriniai rankšluosčiai GRITE BLOSSOM, 120 vnt.",
    "price": "1.85",
    "price_2": null,
    "extra_info": "2 ar daugiau su –40%"
  },
  {
    "image_url": "https://cdn.barbora.lt/products/1797d061-cf93-4783-b417-bb7be802606e_m.png",
    "title": "Pieninis šokoladas KINDER, 50 g",
    "price": "1.19",
    "price_2": null,
    "extra_info": "2 ar daugiau su –30%"
  },
  {
    "image_url": "https://cdn.barbora.lt/products/c46feb36-aecd-43de-b0ee-b44034b6bc6c_m.png",
    "title": "Popieriniai rankšluosčiai GRITE BLOSSOM, 2 vnt., 2 vnt.",
    "price": "2.19",
    "price_2": null,
    "extra_info": "2 ar daugiau su –40%"
  },
  {
    "image_url": "https://cdn.barbora.lt/products/eb7d65ca-8aec-4336-9dda-1f5383629f74_m.png",
    "title": "Migdolų gėrimas ALPRO BARISTA, 1 l",
    "price": "2.58",
    "price_2": "2,58€/l",
    "extra_info": "–30%"
  },
  {
    "image_url": "https://cdn.barbora.lt/products/1c7745eb-c4b7-428c-9e37-e7f6b5494852_m.png",
    "title": "Servetėlės ELEMENTS SENSE, 24 x 24 cm, 75 vnt., 75 vnt.",
    "price": "0.99",
    "price_2": null,
    "extra_info": "2 ar daugiau su –40%"
  },
  {
    "image_url": "https://cdn.barbora.lt/products/9b565b69-fcb3-46ee-86f1-f3385ab2253c_m.png",
    "title": "Smulki jūros druska CHALUPA, 1 kg",
    "price": "0.99",
    "price_2": null,
    "extra_info": "2 ar daugiau su –40%"
  },
  {
    "image_url": "https://cdn.barbora.lt/products/52ef8561-d4f8-4a71-bb79-d794e513dd19_m.png",
    "title": "Makaronai LA MOLISANA (straubliai), 500 g",
    "price": "1.07",
    "price_2": "2,14€/kg",
    "extra_info": "–40%"
  },
  {
    "image_url": "https://cdn.barbora.lt/products/0bfbfc8a-7f0b-47bd-9987-b27f1dc43aa3_m.png",
    "title": "Šokoladinis batonėlis MANIJA su lazdynų riešutais, 49 g",
    "price": "0.89",
    "price_2": null,
    "extra_info": "2 už 1,19€"
  },
  {
    "image_url": "https://cdn.barbora.lt/products/55640b45-dc4e-457d-a41c-6b98afe67303_m.png",
    "title": "Tradicinė silkių filė VIČI aliejuje, 240 g",
    "price": "1.99",
    "price_2": "8,29€/kg",
    "extra_info": "–26%"
  },
  {
    "image_url": "https://cdn.barbora.lt/products/0a5d3668-e6f1-4185-bbb6-63152a9ef561_m.png",
    "title": "Šlapias tualetinis popierius BELLA NO1, 60 vnt.",
    "price": "1.79",
    "price_2": "0,03€/vnt.",
    "extra_info": "–46%"
  },
  {
    "image_url": "https://cdn.barbora.lt/products/a8c1bb5f-a99b-446e-93e4-694959398e0d_m.png",
    "title": "Pieninis šokoladas MILKA BISCOFF, 90 g",
    "price": "2.59",
    "price_2": null,
    "extra_info": "2 ar daugiau su –30%"
  },
  {
    "image_url": "https://cdn.barbora.lt/products/6baa723c-9855-4067-b454-62ebec3a5081_m.png",
    "title": "Saldainiai RAFFAELLO, 150 g",
    "price": "4.49",
    "price_2": null,
    "extra_info": "2 ar daugiau su –30%"
  },
  {
    "image_url": "https://cdn.barbora.lt/products/01bc83b1-b3f4-4941-9a60-6e7724f885c9_m.png",
    "title": "Tualetinis popierius BLOOM, 8 rul., 160 lapelių, 8 vnt.",
    "price": "2.19",
    "price_2": null,
    "extra_info": "2 ar daugiau su –40%"
  },
  {
    "image_url": "https://cdn.barbora.lt/products/96d5b4b8-d9a4-4eb6-b1dd-eb0843fecb92_m.png",
    "title": "Malti imbierai SANTA MARIA, 20 g",
    "price": "0.99",
    "price_2": null,
    "extra_info": "2 ar daugiau su –40%"
  },
  {
    "image_url": "https://cdn.barbora.lt/products/e5259e20-3474-4cd8-ba1d-9634f9701b3a_m.png",
    "title": "Rozmarinai vazonėlyje, 1 vnt.",
    "price": "1.99",
    "price_2": null,
    "extra_info": "2 ar daugiau su –40%"
  },
  {
    "image_url": "https://cdn.barbora.lt/products/3779fd60-9fd7-4375-a0f7-0330815da2bc_m.png",
    "title": "Vištienos sultinys MAGGI, 160 g, 160 g",
    "price": "1.19",
    "price_2": "7,44€/kg",
    "extra_info": "–40%"
  },
  {
    "image_url": "https://cdn.barbora.lt/products/d57573ed-24fa-4c3c-b112-6d4dfe783dea_m.png",
    "title": "Karis SANTA MARIA, 25 g",
    "price": "0.99",
    "price_2": null,
    "extra_info": "2 ar daugiau su –40%"
  },
  {
    "image_url": "https://cdn.barbora.lt/products/9bc6c4a0-bff1-4431-b054-a2135661d3bf_m.png",
    "title": "Servetėlės ELEMENTS SENSE, 24 x 24 cm, 75 vnt., 75 vnt.",
    "price": "0.89",
    "price_2": null,
    "extra_info": "2 ar daugiau su –40%"
  },
  {
    "image_url": "https://cdn.barbora.lt/products/82abc793-39e4-4db4-94c0-a3e2ec8dd2a6_m.png",
    "title": "Ekologiškas natūralus jogurtas AUGA, 4,3 % rieb., 125 g",
    "price": "0.79",
    "price_2": "6,32€/kg",
    "extra_info": "–20%"
  },
  {
    "image_url": "https://cdn.barbora.lt/products/feab8af9-134a-44cf-8b6a-9e81ad591c00_m.png",
    "title": "Gl. varškės sūrelis MURR, braškinės mačios sk., 30 % rieb., 40 g",
    "price": "0.65",
    "price_2": null,
    "extra_info": "4 už 0,99€"
  },
  {
    "image_url": "https://cdn.barbora.lt/products/5f9415e0-0db0-4595-9814-86c4f1bef587_m.png",
    "title": "Picų prieskoniai SANTA MARIA, 5 g",
    "price": "0.99",
    "price_2": null,
    "extra_info": "2 ar daugiau su –40%"
  },
  {
    "image_url": "https://cdn.barbora.lt/products/53e3e191-2e2d-43ab-807a-0e5ed226ef0d_m.png",
    "title": "Šaldyti brokoliai BONDUELLE VAPEUR, 400 g",
    "price": "2.49",
    "price_2": null,
    "extra_info": "2 ar daugiau su –30%"
  },
  {
    "image_url": "https://cdn.barbora.lt/products/064c121f-69d1-427e-aa18-7eb2127099f6_m.png",
    "title": "Ekologiškas indų ploviklis FROSCH GREEN LEMON, 1 l",
    "price": "1.85",
    "price_2": "1,85€/l",
    "extra_info": "–31%"
  },
  {
    "image_url": "https://cdn.barbora.lt/products/3d4b30e0-387d-4c93-ba3e-3125dee11dd6_m.png",
    "title": "Džiovinti baravykai ADEX LT, 50 g",
    "price": "7.99",
    "price_2": null,
    "extra_info": "2 ar daugiau su –40%"
  },
  {
    "image_url": "https://cdn.barbora.lt/products/62dc1dfd-c70f-45a5-a860-980dd269e644_m.png",
    "title": "Kūdikių paklotai PEPPINS, 60 x 60, 10 vnt.",
    "price": "1.99",
    "price_2": "0,2€/vnt.",
    "extra_info": "–31%"
  },
  {
    "image_url": "https://cdn.barbora.lt/products/c231b517-d0ac-43f9-9c13-242f0ef3b517_m.png",
    "title": "Smulkinti česnakai SANTA MARIA 25 g, 25 g",
    "price": "1.19",
    "price_2": null,
    "extra_info": "2 ar daugiau su –40%"
  },
  {
    "image_url": "https://cdn.barbora.lt/products/84c9bad9-c19a-4659-a42c-7c05efa202b4_m.png",
    "title": "Tamsi PONIŠKA duona be pridėtinių mielių, 600 g",
    "price": "1.65",
    "price_2": "2,75€/kg",
    "extra_info": "–17%"
  },
  {
    "image_url": "https://cdn.barbora.lt/products/647f2789-ea48-4839-ac28-393423b716da_m.png",
    "title": "Vištienos prieskoniai SANTA MARIA, 275 g",
    "price": "4.89",
    "price_2": null,
    "extra_info": "2 ar daugiau su –40%"
  },
  {
    "image_url": "https://cdn.barbora.lt/products/e314366c-59a7-4675-b3bc-0f42b924a659_m.png",
    "title": "Traškios vištienos prieskonių mišinys SANTA MARIA, 50 g",
    "price": "1.89",
    "price_2": null,
    "extra_info": "2 ar daugiau su –40%"
  },
  {
    "image_url": "https://cdn.barbora.lt/products/a8d8215b-15bf-4bb4-8d06-213b60ce1cca_m.png",
    "title": "Bazilikas vazonėlyje LINKĖJIMAI IŠ KAIMO, 1 vnt.",
    "price": "1.99",
    "price_2": null,
    "extra_info": "2 ar daugiau su –40%"
  },
  {
    "image_url": "https://cdn.barbora.lt/products/73e848b3-d7be-439f-afa7-750911c8b46d_m.png",
    "title": "Virtas vištienos šlaunelių mėsos kumpelis, a. r., 280 g",
    "price": "2.99",
    "price_2": null,
    "extra_info": "2 už 3,99€"
  },
  {
    "image_url": "https://cdn.barbora.lt/products/f42ca258-a500-46a5-afc6-ae81c4897554_m.png",
    "title": "Čiobreliai WELL DONE, 20 g",
    "price": "1.35",
    "price_2": null,
    "extra_info": "2 ar daugiau su –40%"
  },
  {
    "image_url": "https://cdn.barbora.lt/products/afb6d351-29d2-4a68-ab9c-472ee183d75f_m.png",
    "title": "Tarkuotas ROKIŠKIO sūris, 45 % rieb. s. m., 200 g",
    "price": "1.85",
    "price_2": "9,25€/kg",
    "extra_info": "–31%"
  },
  {
    "image_url": "https://cdn.barbora.lt/products/d2211f20-5e81-4093-8112-fdeedcef045f_m.png",
    "title": "Glaist. VILKYŠKIŲ varškės sūrelis su aguonomis, 25 % rieb., 40 g",
    "price": "0.59",
    "price_2": null,
    "extra_info": "4 už 0,99€"
  },
  {
    "image_url": "https://cdn.barbora.lt/products/49fa0b93-b4f7-4768-861a-a7b67f352772_m.png",
    "title": "Marinuoti agurkai SPILVA, 1600 g",
    "price": "3.41",
    "price_2": "2,13€/kg",
    "extra_info": "–40%"
  },
  {
    "image_url": "https://cdn.barbora.lt/products/d36d682d-c0c5-46bf-bcd2-d7278578600b_m.png",
    "title": "Šviežios kiaulienos storosios dešrelės WELL DONE, 400 g",
    "price": "1.99",
    "price_2": "4,98€/kg",
    "extra_info": "–13%"
  },
  {
    "image_url": "https://cdn.barbora.lt/products/1914cde4-6a10-4e52-8df5-b98c58c4e02b_m.png",
    "title": "Rankų darbo itališka čiabata su mažai cukrų, 300 g",
    "price": "0.99",
    "price_2": "3,3€/kg",
    "extra_info": "–17%"
  },
  {
    "image_url": "https://cdn.barbora.lt/products/4033dfb5-e783-4aa4-96fe-69a3e2b0e0f8_m.png",
    "title": "Juoda duona su sėklomis, 390 g",
    "price": "1.29",
    "price_2": "3,31€/kg",
    "extra_info": "–11%"
  },
  {
    "image_url": "https://cdn.barbora.lt/products/533ce150-6b92-419f-893b-ca5633cd618d_m.png",
    "title": "MOČIUTĖS vanilinis cukrus, 20 g",
    "price": "0.29",
    "price_2": null,
    "extra_info": "2 ar daugiau su –40%"
  },
  {
    "image_url": "https://cdn.barbora.lt/products/f4a55c3c-24c0-46a2-825e-556600373dc4_m.png",
    "title": "Sviestinių moliūgų sriuba ACTIVUS EKO, 400 g",
    "price": "1.31",
    "price_2": "3,28€/kg",
    "extra_info": "–40%"
  },
  {
    "image_url": "https://cdn.barbora.lt/products/0bbd7e67-841a-40c8-a5fc-0f4fad675558_m.png",
    "title": "Sausos MOČIUTĖS mielės, 11 g",
    "price": "0.35",
    "price_2": null,
    "extra_info": "2 ar daugiau su –40%"
  },
  {
    "image_url": "https://cdn.barbora.lt/products/fbbdad26-59e4-4cfe-8ee4-9e801a023caf_m.png",
    "title": "Natūrali Himalajų druska KORNI, 500 g",
    "price": "0.89",
    "price_2": null,
    "extra_info": "2 ar daugiau su –40%"
  },
  {
    "image_url": "https://cdn.barbora.lt/products/4c6e6a2e-dbbf-4917-b3e5-2b1d3f21db88_m.png",
    "title": "Raudonos saldžiosios paprikos SALDVA, 25 g",
    "price": "0.69",
    "price_2": null,
    "extra_info": "2 ar daugiau su –40%"
  },
  {
    "image_url": "https://cdn.barbora.lt/products/e0b4ab1e-8a75-4b0b-aef7-558a5a3c724a_m.png",
    "title": "Bazilikai WELL DONE, 20 g",
    "price": "1.35",
    "price_2": null,
    "extra_info": "2 ar daugiau su –40%"
  },
  {
    "image_url": "https://cdn.barbora.lt/products/dd8278ec-fd3a-4aa9-b553-eca3327a8f7f_m.png",
    "title": "Keptas varškės ZANAVYKŲ sūris, 22 % rieb., 230 g",
    "price": "2.99",
    "price_2": "13€/kg",
    "extra_info": "–33%"
  },
  {
    "image_url": "https://cdn.barbora.lt/products/a02ad06f-26c1-4c45-9428-0a79b8c591d2_m.png",
    "title": "Ekol. jogurtas su mėlynėmis ir avietėmis AUGA, 3,5 % rieb., 125 g",
    "price": "0.79",
    "price_2": "6,32€/kg",
    "extra_info": "–20%"
  },
  {
    "image_url": "https://cdn.barbora.lt/products/e8d4b1b3-b9ff-49fe-8674-8fea45a8a2bb_m.png",
    "title": "Bulvių prieskoniai SANTA MARIA, 350 g",
    "price": "4.99",
    "price_2": null,
    "extra_info": "2 ar daugiau su –40%"
  },
  {
    "image_url": "https://cdn.barbora.lt/products/4f20a604-c5ac-4c79-83a0-dafc48879aef_m.png",
    "title": "Saldus varškės sūrelis RYTAS su razinomis, 8 % rieb., 100 g",
    "price": "1.09",
    "price_2": null,
    "extra_info": "2 už 1,95€"
  },
  {
    "image_url": "https://cdn.barbora.lt/products/bce13802-e44f-4c2a-8a76-a96a21d84289_m.png",
    "title": "Šaldytos apkeptos banguotos bulvių lazdelės AVIKO ZIG ZAG, 450 g",
    "price": "2.19",
    "price_2": null,
    "extra_info": "2 ar daugiau su –30%"
  },
  {
    "image_url": "https://cdn.barbora.lt/products/ea21fac1-7d5f-4aa8-bb4a-f653359da6af_m.png",
    "title": "Kmynai SAUDA, 100 g",
    "price": "0.99",
    "price_2": null,
    "extra_info": "2 ar daugiau su –40%"
  },
  {
    "image_url": "https://cdn.barbora.lt/products/698c4514-ab72-4e96-bee0-7970b7c8f9c8_m.png",
    "title": "Ekol. jogurtas su abrikosais ir braškėmis AUGA, 3,5 % rieb., 125 g",
    "price": "0.79",
    "price_2": "6,32€/kg",
    "extra_info": "–20%"
  },
  {
    "image_url": "https://cdn.barbora.lt/products/b7902d17-5b36-4e86-ac00-60f47e1122be_m.png",
    "title": "Popieriniai rankšluosčiai KLEENEX ULTRA-CLEAN, 2 sluoksnių, 2 vnt.",
    "price": "2.09",
    "price_2": "1,05€/vnt.",
    "extra_info": "–40%"
  },
  {
    "image_url": "https://cdn.barbora.lt/products/83874d55-37c3-48b3-be98-373146d6d5f0_m.png",
    "title": "Pieniniai džiūvėsiai VILNIAUS DUONOS, 250 g",
    "price": "1.65",
    "price_2": "6,6€/kg",
    "extra_info": "–30%"
  },
  {
    "image_url": "https://cdn.barbora.lt/products/75cc2ded-c697-4627-868d-41f240cf8b3d_m.png",
    "title": "Saldainiai RAFFAELLO, 230 g",
    "price": "5.69",
    "price_2": null,
    "extra_info": "2 ar daugiau su –30%"
  },
  {
    "image_url": "https://cdn.barbora.lt/products/1b7473bd-bb5f-4cfe-a6ae-5082fd2d069f_m.png",
    "title": "Makaronai LA MOLISANA, vermišeliai Nr. 60, 500 g",
    "price": "1.07",
    "price_2": "2,14€/kg",
    "extra_info": "–40%"
  },
  {
    "image_url": "https://cdn.barbora.lt/products/585cb8ef-c50f-435b-bc5f-863006df69cf_m.png",
    "title": "Maltas Ceilono cinamonas WELL DONE, 50 g",
    "price": "1.99",
    "price_2": null,
    "extra_info": "2 ar daugiau su –40%"
  },
  {
    "image_url": "https://cdn.barbora.lt/products/4f221025-e210-472b-ac77-f018984a2efb_m.png",
    "title": "Korėjietiški kopūstai, 400 g",
    "price": "1.19",
    "price_2": "2,98€/kg",
    "extra_info": "–30%"
  },
  {
    "image_url": "https://cdn.barbora.lt/products/e0a1a501-653f-4d4e-a3ee-07c2c36dee4c_m.png",
    "title": "Bulviniai virtiniai LA MOLISANA, 500 g",
    "price": "1.07",
    "price_2": "2,14€/kg",
    "extra_info": "–40%"
  },
  {
    "image_url": "https://cdn.barbora.lt/products/04e38bdb-9fd8-4b67-a17a-a62782f0e56a_m.png",
    "title": "Šaldyti UŽKALNIO koldūnai JUDEX, 600 g",
    "price": "1.43",
    "price_2": "2,38€/kg",
    "extra_info": "–40%"
  },
  {
    "image_url": "https://cdn.barbora.lt/products/160498cb-3420-4e69-a899-cb367648fe12_m.png",
    "title": "Glaistytas varškės sūrelis VILKYŠKIŲ kefyro skonio, 29 % rieb., 40 g",
    "price": "0.59",
    "price_2": null,
    "extra_info": "4 už 0,99€"
  },
  {
    "image_url": "https://cdn.barbora.lt/products/019bdc54-5cde-4c12-96b0-31834ad5d667_m.png",
    "title": "Virtos jautienos dešrelės KAI NORISI MĖSOS, a. r., 280 g",
    "price": "1.99",
    "price_2": "7,11€/kg",
    "extra_info": "–50%"
  },
  {
    "image_url": "https://cdn.barbora.lt/products/0420dd24-327f-43b6-ae5e-8a8ac1e1e00e_m.png",
    "title": "Indų ploviklis BALANCE, 900 ml",
    "price": "2.39",
    "price_2": "2,65€/l",
    "extra_info": "–40%"
  },
  {
    "image_url": "https://cdn.barbora.lt/products/d6ac10bd-c9a8-45d5-b486-8c40004f88ad_m.png",
    "title": "Saldus varškės sūrelis RYTAS su vanile, 7,5 % rieb., 100 g",
    "price": "1.09",
    "price_2": null,
    "extra_info": "2 už 1,95€"
  },
  {
    "image_url": "https://cdn.barbora.lt/products/1e77a047-b391-445b-9fdc-0759c5a018c7_m.png",
    "title": "MOČIUTĖS kepimo milteliai, 30 g",
    "price": "0.26",
    "price_2": null,
    "extra_info": "2 ar daugiau su –40%"
  },
  {
    "image_url": "https://cdn.barbora.lt/products/f431fd48-78c2-4100-8558-e6aaef908f81_m.png",
    "title": "Pudingas VALIO PROFEEL, pieninio šokolado sk., 2,4 % rieb., 150 g",
    "price": "1.11",
    "price_2": "7,4€/kg",
    "extra_info": "–20%"
  },
  {
    "image_url": "https://cdn.barbora.lt/products/0c98df24-08ee-4ed8-8404-b01663a551ac_m.png",
    "title": "Malti juodieji pipirai SANTA MARIA, 16 g",
    "price": "1.49",
    "price_2": null,
    "extra_info": "2 ar daugiau su –40%"
  },
  {
    "image_url": "https://cdn.barbora.lt/products/8194c15c-6671-49a6-a35c-057986b35970_m.png",
    "title": "Šaldytos apkeptos batatų lazdelės AVIKO, 450 g",
    "price": "4.99",
    "price_2": null,
    "extra_info": "2 ar daugiau su –30%"
  },
  {
    "image_url": "https://cdn.barbora.lt/products/d3d4d87a-3de9-4fe4-9d18-86b3e5dc1e82_m.png",
    "title": "Citrininiai žuvies prieskoniai SANTA MARIA, 23 g",
    "price": "1.15",
    "price_2": null,
    "extra_info": "2 ar daugiau su –40%"
  },
  {
    "image_url": "https://cdn.barbora.lt/products/8990518b-5f6d-47b5-806e-9840e4be955d_m.png",
    "title": "Šaldytas meksikietiškas daržovių mišinys WELL DONE, 400 g",
    "price": "1.25",
    "price_2": null,
    "extra_info": "2 ar daugiau su –30%"
  },
  {
    "image_url": "https://cdn.barbora.lt/products/aaf005b6-be6d-4e20-817c-b4dca42c2bab_m.png",
    "title": "Pieninis šokoladas MILKA BUBBLY WHITE, 95 g",
    "price": "2.59",
    "price_2": null,
    "extra_info": "2 ar daugiau su –30%"
  },
  {
    "image_url": "https://cdn.barbora.lt/products/d1351cd6-d405-4284-9280-03d7e2b2d942_m.png",
    "title": "Avižų gėrimas ALPRO, 1 l",
    "price": "2.3",
    "price_2": "2,3€/l",
    "extra_info": "–30%"
  },
  {
    "image_url": "https://cdn.barbora.lt/products/d3de8de1-29f7-4203-996a-e134c05cb8c9_m.png",
    "title": "Pieninis šokoladas MILKA su sausainiais OREO, 92 g",
    "price": "2.59",
    "price_2": null,
    "extra_info": "2 ar daugiau su –30%"
  },
  {
    "image_url": "https://cdn.barbora.lt/products/aa887856-55cd-4732-95fc-d42d4235106f_m.png",
    "title": "Glaistytas varškės sūrelis VILKYŠKIŲ MURR šokoladinės vyšnios sk., 28,5 % rieb., 40 g",
    "price": "0.59",
    "price_2": null,
    "extra_info": "4 už 0,99€"
  },
  {
    "image_url": "https://cdn.barbora.lt/products/77a2639b-b43f-455f-b4f5-a570f0933b4e_m.png",
    "title": "Sūrio lazdelės MIAU, 40 % rieb. s. m., 100 g",
    "price": "1.55",
    "price_2": "15,5€/kg",
    "extra_info": "–40%"
  },
  {
    "image_url": "https://cdn.barbora.lt/products/b6583b44-044a-4719-a177-3b679a5a4882_m.png",
    "title": "Citrinų rūgštis KLINGAI, 100 g",
    "price": "0.65",
    "price_2": null,
    "extra_info": "2 ar daugiau su –40%"
  },
  {
    "image_url": "https://cdn.barbora.lt/products/1c21dee7-265f-4429-b6dd-e1b1bc41d10e_m.png",
    "title": "Vištienos sultinys MAGGI su krapais ir petraž. (12 x 10 g), 120 g",
    "price": "0.71",
    "price_2": "5,92€/kg",
    "extra_info": "–40%"
  },
  {
    "image_url": "https://cdn.barbora.lt/products/eaa91881-03fc-4d98-a7aa-baeaf0bd1ee0_m.png",
    "title": "Šaldyti žalieji žirneliai BONDUELLE VAPEUR, 400 g",
    "price": "2.25",
    "price_2": null,
    "extra_info": "2 ar daugiau su –30%"
  },
  {
    "image_url": "https://cdn.barbora.lt/products/6dd4a7c5-c255-4012-96fa-6b15e3d32992_m.png",
    "title": "Vištienos prieskoniai SANTA MARIA, 90 g",
    "price": "2.15",
    "price_2": null,
    "extra_info": "2 ar daugiau su –40%"
  },
  {
    "image_url": "https://cdn.barbora.lt/products/d3c839bd-49c3-4512-bc98-a38938b88294_m.png",
    "title": "Baltasis šokoladas MILKA, 90 g",
    "price": "2.59",
    "price_2": null,
    "extra_info": "2 ar daugiau su –30%"
  },
  {
    "image_url": "https://cdn.barbora.lt/products/b0156a8f-b77b-4091-b1ff-71835da3b53c_m.png",
    "title": "Šaldyti virtiniai JUDEX su bulvių ir rūkytos šoninės įdaru, 400 g",
    "price": "1.19",
    "price_2": "2,98€/kg",
    "extra_info": "–40%"
  },
  {
    "image_url": "https://cdn.barbora.lt/products/d9abe9f1-a8a7-43d0-a108-1095ffa0e4bd_m.png",
    "title": "Šlapias tualetinis popierius ZEWA PURE, 42 vnt.",
    "price": "1.79",
    "price_2": "0,04€/vnt.",
    "extra_info": "–50%"
  },
  {
    "image_url": "https://cdn.barbora.lt/products/4a539fcc-d8c9-4c4c-8a95-f2691a18965f_m.png",
    "title": "Laurų lapai SAUDA, 40 g",
    "price": "0.79",
    "price_2": null,
    "extra_info": "2 ar daugiau su –40%"
  },
  {
    "image_url": "https://cdn.barbora.lt/products/0ef83b6c-3f63-4cf2-bde3-2c5dfe26e380_m.png",
    "title": "Kalkių valiklis FROSCH, 500 ml",
    "price": "2.65",
    "price_2": "5,3€/l",
    "extra_info": "–30%"
  },
  {
    "image_url": "https://cdn.barbora.lt/products/a1592d76-4718-4e6b-9fd2-ce3c242194ab_m.png",
    "title": "Kuminas SANTA MARIA, 20 g",
    "price": "1.19",
    "price_2": null,
    "extra_info": "2 ar daugiau su –40%"
  },
  {
    "image_url": "https://cdn.barbora.lt/products/4933d184-52cb-452d-9fb0-992788a2994e_m.png",
    "title": "Karštai rūkyta šoninė MORLINY, I r., 100 g",
    "price": "1.49",
    "price_2": "14,9€/kg",
    "extra_info": "–21%"
  },
  {
    "image_url": "https://cdn.barbora.lt/products/c3da8e90-611d-4bff-a175-99046f6b9876_m.png",
    "title": "Popieriniai rankšluosčiai ZEWA PREMIUM, 2 sluoksnių, 120 vnt.",
    "price": "2.99",
    "price_2": null,
    "extra_info": "2 ar daugiau su –40%"
  },
  {
    "image_url": "https://cdn.barbora.lt/products/0f4842be-fc42-48fb-8e97-7c8cb81a914a_m.png",
    "title": "Burokėlių sriuba ACTIVUS EKO, 400 g",
    "price": "1.31",
    "price_2": "3,28€/kg",
    "extra_info": "–40%"
  },
  {
    "image_url": "https://cdn.barbora.lt/products/c96515fd-ee40-4087-8649-1e0e4123705d_m.png",
    "title": "Šaldyti bulvių kukuliukai FARM FRITES NOISETTES, 450 g",
    "price": "2.59",
    "price_2": null,
    "extra_info": "2 ar daugiau su –30%"
  },
  {
    "image_url": "https://cdn.barbora.lt/products/7ad518a2-7f80-4687-a34b-03bf66ae3f77_m.png",
    "title": "Glaistytas varškės sūrelis MURR, mačios skonio, 30 % rieb., 40 g",
    "price": "0.65",
    "price_2": null,
    "extra_info": "4 už 0,99€"
  },
  {
    "image_url": "https://cdn.barbora.lt/products/07324c60-e6ff-4c0c-a80c-6be1f4f1aa3f_m.png",
    "title": "Šaldytos bulvių skiltelės su česnakais AVIKO, 600 g",
    "price": "2.25",
    "price_2": null,
    "extra_info": "2 ar daugiau su –30%"
  },
  {
    "image_url": "https://cdn.barbora.lt/products/9363a902-c10b-41cd-a002-9a97538b9dbb_m.png",
    "title": "Rozmarinai SANTA MARIA, 15 g",
    "price": "0.99",
    "price_2": null,
    "extra_info": "2 ar daugiau su –40%"
  },
  {
    "image_url": "https://cdn.barbora.lt/products/537ff82a-81b4-4892-a5ec-9c81ad8a7ce9_m.png",
    "title": "Popieriniai rankšluosčiai GRITE FAMILY (2 sluoksnių), 2 vnt.",
    "price": "1.99",
    "price_2": null,
    "extra_info": "2 ar daugiau su –40%"
  },
  {
    "image_url": "https://cdn.barbora.lt/products/4300fd36-6692-40c2-9ef9-fde5ce4a4400_m.png",
    "title": "Valgomasis jogurtas su vyšniomis FANTASIA, 5,3 % rieb., 118 g",
    "price": "0.89",
    "price_2": null,
    "extra_info": "3 už 2,39€"
  },
  {
    "image_url": "https://cdn.barbora.lt/products/0605d1b6-97e7-4730-bb09-f51b476fe098_m.png",
    "title": "AGOTOS TYRA juoda duona su rugių branduoliais, saulėgrąžomis, 340 g",
    "price": "0.89",
    "price_2": "2,62€/kg",
    "extra_info": "–18%"
  },
  {
    "image_url": "https://cdn.barbora.lt/products/94d4b979-d8ad-47a9-83e5-60412fea886e_m.png",
    "title": "Šveln.čeder.sūris WELL DONE 52%,gab,200g, 200 g",
    "price": "2.39",
    "price_2": "11,95€/kg",
    "extra_info": "–20%"
  },
  {
    "image_url": "https://cdn.barbora.lt/products/c75ce866-7da3-4500-bcd0-c4c607feb95a_m.png",
    "title": "Šviesi raikyta PONIŠKA duona be pridėtinių mielių, 600 g",
    "price": "1.69",
    "price_2": "2,81€/kg",
    "extra_info": "–19%"
  },
  {
    "image_url": "https://cdn.barbora.lt/products/fb3e40bc-1a08-414a-ac9a-f3b267e8d5e8_m.png",
    "title": "Ančių kepenėlių paštetas, I r., 200 g",
    "price": "1.49",
    "price_2": "7,45€/kg",
    "extra_info": "–25%"
  },
  {
    "image_url": "https://cdn.barbora.lt/products/68a48f67-e997-43a4-9f80-1176a7c8b5e0_m.png",
    "title": "Pudingas VALIO PROFEEL, balto šokolado ir riešutų sk., 2,4 % rieb., 150 g",
    "price": "1.11",
    "price_2": "7,4€/kg",
    "extra_info": "–20%"
  },
  {
    "image_url": "https://cdn.barbora.lt/products/d879cacd-40d5-4f84-b1c5-b73f700ce2b0_m.png",
    "title": "Pieninis šokoladas MILKA DAIM, 100 g",
    "price": "2.59",
    "price_2": null,
    "extra_info": "2 ar daugiau su –30%"
  },
  {
    "image_url": "https://cdn.barbora.lt/products/b8f0bdff-059d-44be-95c1-5eeda395be1b_m.png",
    "title": "Vyšninės vaisių juostelės VERI BERI, 50 g",
    "price": "1.49",
    "price_2": null,
    "extra_info": "2 ar daugiau su –30%"
  },
  {
    "image_url": "https://cdn.barbora.lt/products/462c79dc-2584-46b0-8b82-37a60dbf244b_m.png",
    "title": "Šaldytos mažos morkytės WELL DONE, 400 g",
    "price": "1.99",
    "price_2": null,
    "extra_info": "2 ar daugiau su –30%"
  },
  {
    "image_url": "https://cdn.barbora.lt/products/ad95ad65-babe-4dd2-8871-6f256b242283_m.png",
    "title": "ŠVENTINĖ VERBŪNŲ plikyta duona, 0.8 kg",
    "price": "1.39",
    "price_2": "1,74€/kg",
    "extra_info": "–18%"
  },
  {
    "image_url": "https://cdn.barbora.lt/products/a484110d-fa22-49a6-ab62-5774904ffd27_m.png",
    "title": "Makaronų ruošinys MAGGI IDEA (SPAGHETTI BOLOGNESE), 44 g",
    "price": "0.59",
    "price_2": "13,41€/kg",
    "extra_info": "–40%"
  },
  {
    "image_url": "https://cdn.barbora.lt/products/c02b3ed1-ab6f-41f8-bd01-26368a367df2_m.png",
    "title": "Ekologiška obuolių ir aviečių tyrelė MARMALUZI (nuo 4 mėn.), 90 g",
    "price": "0.99",
    "price_2": "11€/kg",
    "extra_info": "–34%"
  },
  {
    "image_url": "https://cdn.barbora.lt/products/e126de97-10ff-4955-8fa5-a9c2b03eaa45_m.png",
    "title": "Daržovių sriuba MINESTRONE ACTIVUS EKO, 400 g",
    "price": "1.31",
    "price_2": "3,28€/kg",
    "extra_info": "–40%"
  },
  {
    "image_url": "https://cdn.barbora.lt/products/02c9f70a-e4e5-41f4-bd86-5cf8e56ebbc1_m.png",
    "title": "Vytintas SERRANO kumpis, pjaustytas, JAMONDOR, I r., 100 g",
    "price": "2.29",
    "price_2": "22,9€/kg",
    "extra_info": "–18%"
  },
  {
    "image_url": "https://cdn.barbora.lt/products/9d38e2e4-8106-4e8e-9b26-dec28b4eed96_m.png",
    "title": "Sūris ROKIŠKIO EKSTRA, 45 % rieb. s. m., 1 kg",
    "price": "7.99",
    "price_2": "7,99€/kg",
    "extra_info": "–30%"
  },
  {
    "image_url": "https://cdn.barbora.lt/products/fca4cfca-c9a9-40f6-afc9-2b48ccc32ddb_m.png",
    "title": "Šokoladinis batonėlis MILKY WAY, 21.5 g",
    "price": "0.75",
    "price_2": null,
    "extra_info": "2 ar daugiau su –30%"
  },
  {
    "image_url": "https://cdn.barbora.lt/products/8670ecf3-0a3d-45e4-9fa6-3fc8a106b8ba_m.png",
    "title": "Kokosų gėrimas su migdolais ALPRO, 1 l",
    "price": "2.3",
    "price_2": "2,3€/l",
    "extra_info": "–30%"
  },
  {
    "image_url": "https://cdn.barbora.lt/products/d2bf31ac-82b3-4141-8dd1-0b0a32e8b9ba_m.png",
    "title": "VILKYŠKIŲ glaistytas sūrelis MURR, karamelės ir spragėsių sk., 29 %, 40 g",
    "price": "0.59",
    "price_2": null,
    "extra_info": "4 už 0,99€"
  },
  {
    "image_url": "https://cdn.barbora.lt/products/53058859-44c8-48ea-baf6-7dfec407f26b_m.png",
    "title": "Sojų gėrimas su kalciu ALPRO, 1 l",
    "price": "1.88",
    "price_2": "1,88€/l",
    "extra_info": "–30%"
  },
  {
    "image_url": "https://cdn.barbora.lt/products/3a6e783a-d09e-42e5-b88e-efd4d97f9751_m.png",
    "title": "Makaronai PASAKA (sraigteliai), 400 g",
    "price": "0.79",
    "price_2": null,
    "extra_info": "2 už 0,99€"
  },
  {
    "image_url": "https://cdn.barbora.lt/products/b2d05aa8-0f8f-4c43-aec3-d7b2f125e19e_m.png",
    "title": "Druska SANTA MARIA, 92 g",
    "price": "1.59",
    "price_2": null,
    "extra_info": "2 ar daugiau su –40%"
  },
  {
    "image_url": "https://cdn.barbora.lt/products/3d0ec92b-b663-45fc-9340-d7034ec8746d_m.png",
    "title": "Mini bandelės su cinamono įdaru, 240 g",
    "price": "1.89",
    "price_2": "7,88€/kg",
    "extra_info": "–21%"
  },
  {
    "image_url": "https://cdn.barbora.lt/products/71c706b4-fce9-49de-9661-a1d2c590a4c9_m.png",
    "title": "Ekologiškas skalbiklis BALANCE (universalusis), 1.5 l",
    "price": "5.25",
    "price_2": "3,5€/l",
    "extra_info": "–40%"
  },
  {
    "image_url": "https://cdn.barbora.lt/products/5d48d26d-ed28-4856-b55f-e7c2ad3338bd_m.png",
    "title": "WC valiklis FROSCH su aviečių actu, 750 ml",
    "price": "1.65",
    "price_2": "2,2€/l",
    "extra_info": "–31%"
  },
  {
    "image_url": "https://cdn.barbora.lt/products/513aa0ce-bbd3-4651-8c55-4a713636f095_m.png",
    "title": "Fermentuotas sojų produktas ALPRO, 400 g",
    "price": "1.95",
    "price_2": "4,88€/kg",
    "extra_info": "–30%"
  },
  {
    "image_url": "https://cdn.barbora.lt/products/f454513a-1e44-4524-8a1a-6b789fc14dcc_m.png",
    "title": "Maltas cinamonas SALDVA, 22 g",
    "price": "0.69",
    "price_2": null,
    "extra_info": "2 ar daugiau su –40%"
  },
  {
    "image_url": "https://cdn.barbora.lt/products/28158fd0-fd11-4dd0-8b56-31d6938f7704_m.png",
    "title": "Ekologiška obuolių ir mėlynių tyrelė MARMALUZI (nuo 6 mėn.), 90 g",
    "price": "0.99",
    "price_2": "11€/kg",
    "extra_info": "–34%"
  },
  {
    "image_url": "https://cdn.barbora.lt/products/543b8ba7-f4f8-484c-8da0-7c013bb904b8_m.png",
    "title": "ROKIŠKIO mocarelos sūris, 45 % rieb. s. m., 1 kg",
    "price": "8.25",
    "price_2": "8,25€/kg",
    "extra_info": "–30%"
  },
  {
    "image_url": "https://cdn.barbora.lt/products/37a859b3-e242-40b9-b041-befacfbf76a9_m.png",
    "title": "Tualetinis popierius ZEWA JUST 1, 5 sluoksnių, 6 vnt.",
    "price": "10.29",
    "price_2": null,
    "extra_info": "2 ar daugiau su –40%"
  },
  {
    "image_url": "https://cdn.barbora.lt/products/753f05d5-696d-44a7-ac7f-68f052e22afc_m.png",
    "title": "Pieninis šokoladas MILKA su neskaldytais lazdynų riešutais, 250 g",
    "price": "6.29",
    "price_2": null,
    "extra_info": "2 ar daugiau su –30%"
  },
  {
    "image_url": "https://cdn.barbora.lt/products/83c68296-3816-4b32-9f1d-3a56d91f7c86_m.png",
    "title": "Persiladas SANTA MARIA, 48 g",
    "price": "1.49",
    "price_2": null,
    "extra_info": "2 ar daugiau su –40%"
  },
  {
    "image_url": "https://cdn.barbora.lt/products/98b437e7-1354-4a28-8af0-4b5b1875a41c_m.png",
    "title": "Fachitų prieskonių mišinys SANTA MARIA TEX MEX, 28 g",
    "price": "1.29",
    "price_2": null,
    "extra_info": "2 ar daugiau su –40%"
  },
  {
    "image_url": "https://cdn.barbora.lt/products/40656fc8-a294-42dd-a0ad-f302e7f31d6d_m.png",
    "title": "Rūkytos raudonos saldžiosios paprikos SALDVA, 25 g",
    "price": "0.89",
    "price_2": null,
    "extra_info": "2 ar daugiau su –40%"
  },
  {
    "image_url": "https://cdn.barbora.lt/products/0ee71977-03fb-4fbc-82b9-9a95d3aefd34_m.png",
    "title": "S. JASINEVIČIAUS saldaus pieno sūris, 22 % rieb. s. m., 1 kg",
    "price": "12.49",
    "price_2": "12,49€/kg",
    "extra_info": "–10%"
  },
  {
    "image_url": "https://cdn.barbora.lt/products/78fd662e-e093-45b2-a26c-a1c46b4080df_m.png",
    "title": "Makaronai PASAKA (rageliai), 400 g",
    "price": "0.79",
    "price_2": null,
    "extra_info": "2 už 0,99€"
  },
  {
    "image_url": "https://cdn.barbora.lt/products/0482b63c-03b8-4c91-b5f4-3579678d0da8_m.png",
    "title": "Riebi silkių filė VIČI aliejuje, 240 g",
    "price": "1.99",
    "price_2": "8,29€/kg",
    "extra_info": "–26%"
  },
  {
    "image_url": "https://cdn.barbora.lt/products/09928423-d3c4-4128-87ba-825e8ab6d7cf_m.png",
    "title": "Karštai rūkyta kiaulienos filė su kmynais, I r., 90 g",
    "price": "1.09",
    "price_2": "12,11€/kg",
    "extra_info": "–50%"
  },
  {
    "image_url": "https://cdn.barbora.lt/products/3ee17106-f09d-419d-8f82-e140de890dbd_m.png",
    "title": "Pyragėliai BARNI su pieniniu įdaru, 150 g",
    "price": "1.85",
    "price_2": "12,33€/kg",
    "extra_info": "–31%"
  },
  {
    "image_url": "https://cdn.barbora.lt/products/63683ada-e3eb-4fca-9e66-b6914ce81c5c_m.png",
    "title": "Pieninis šokoladas PERGALĖ, 85 g",
    "price": "2.29",
    "price_2": null,
    "extra_info": "2 ar daugiau su –30%"
  },
  {
    "image_url": "https://cdn.barbora.lt/products/17bcbd71-fd90-4b85-8778-abd4ba281047_m.png",
    "title": "Baltyminiai putėsiai VALIO PROFEEL, šokolado skonio, 1,8 %, 150 g",
    "price": "1.59",
    "price_2": "10,6€/kg",
    "extra_info": "–20%"
  },
  {
    "image_url": "https://cdn.barbora.lt/products/876e43c1-f04e-4af8-a347-2c6f44091b38_m.png",
    "title": "Tradicinė silkių filė VIČI aliejuje, 400 g",
    "price": "2.99",
    "price_2": "7,48€/kg",
    "extra_info": "–25%"
  },
  {
    "image_url": "https://cdn.barbora.lt/products/45cbe45d-b51e-4a8e-8f4f-4e0ae0df445e_m.png",
    "title": "Šaldytos bulvių skiltelės AVIKO TEX MEX, 600 g",
    "price": "2.39",
    "price_2": null,
    "extra_info": "2 ar daugiau su –30%"
  },
  {
    "image_url": "https://cdn.barbora.lt/products/88d60bb6-4aa2-4cc3-b868-13a4a0d2689e_m.png",
    "title": "Vanilinis cukrus SAUDA, 100 g",
    "price": "0.69",
    "price_2": null,
    "extra_info": "2 ar daugiau su –40%"
  },
  {
    "image_url": "https://cdn.barbora.lt/products/5e7e029b-23bf-4975-b143-c38bf6fe2465_m.png",
    "title": "Maltas cinamonas SAUDA, 35 g",
    "price": "0.55",
    "price_2": null,
    "extra_info": "2 ar daugiau su –40%"
  },
  {
    "image_url": "https://cdn.barbora.lt/products/953d97e9-1e02-4d1a-9bda-1adda2f80645_m.png",
    "title": "Takų su vištiena prieskonių mišinys SANTA MARIA CHICKEN TACO, 28 g",
    "price": "1.59",
    "price_2": null,
    "extra_info": "2 ar daugiau su –40%"
  },
  {
    "image_url": "https://cdn.barbora.lt/products/83a22f99-a738-499c-9712-67eec90d989b_m.png",
    "title": "Virtas KARALIŠKAS kiaulienos kumpis, a. r., 90 g",
    "price": "2.49",
    "price_2": null,
    "extra_info": "2 už 2,99€"
  },
  {
    "image_url": "https://cdn.barbora.lt/products/0654f7d3-e005-44f1-b815-1407bdf6351f_m.png",
    "title": "Sausos universaliosios mielės FERMIPAN, 11 g",
    "price": "0.32",
    "price_2": null,
    "extra_info": "2 ar daugiau su –40%"
  },
  {
    "image_url": "https://cdn.barbora.lt/products/f603b0ca-74e9-4054-a683-ab2ff27dc794_m.png",
    "title": "Želatina KLINGAI, 100 g",
    "price": "1.69",
    "price_2": null,
    "extra_info": "2 ar daugiau su –40%"
  },
  {
    "image_url": "https://cdn.barbora.lt/products/7f410def-34b4-44e5-972f-a8310cf5bec5_m.png",
    "title": "Petražolės SANTA MARIA, 4 g",
    "price": "0.99",
    "price_2": null,
    "extra_info": "2 ar daugiau su –40%"
  },
  {
    "image_url": "https://cdn.barbora.lt/products/769da200-b7eb-488a-8813-24d12a771dc8_m.png",
    "title": "Baltyminis pudingas VALIO PROFEEL, tiramisu sk., 2,5 % rieb., 150 g",
    "price": "1.11",
    "price_2": "7,4€/kg",
    "extra_info": "–20%"
  },
  {
    "image_url": "https://cdn.barbora.lt/products/a9f49844-ea6b-4802-862e-754a37a77d6c_m.png",
    "title": "Juodasis šokoladas MIO DELIZZI, 100 g",
    "price": "0.79",
    "price_2": null,
    "extra_info": "2 ar daugiau su –30%"
  },
  {
    "image_url": "https://cdn.barbora.lt/products/33b11652-0b6f-4a8c-8ad9-c753439fa625_m.png",
    "title": "Ekologiškas spiritinis langų valiklis FROSCH BIO SPIRIT, 500 ml",
    "price": "1.99",
    "price_2": "3,98€/l",
    "extra_info": "–31%"
  },
  {
    "image_url": "https://cdn.barbora.lt/products/d5924101-bcc4-4f42-a65d-57e7961be865_m.png",
    "title": "Popieriniai rankšluosčiai BLOOM DELUXE, 3 sluoksnių, 2 vnt.",
    "price": "2.69",
    "price_2": null,
    "extra_info": "2 ar daugiau su –40%"
  },
  {
    "image_url": "https://cdn.barbora.lt/products/2a0d6aa5-bae0-4011-bbbe-15121f126589_m.png",
    "title": "Pieninis šokoladas MILKA su braškių skonio jogurto įdaru, 100 g",
    "price": "2.59",
    "price_2": null,
    "extra_info": "2 ar daugiau su –30%"
  },
  {
    "image_url": "https://cdn.barbora.lt/products/6b63b8ed-3c41-45ba-9a53-a7302702058a_m.png",
    "title": "Tualetinis popierius GRITE BLOSSOM (3 sluoksnių), 8 vnt.",
    "price": "4.79",
    "price_2": null,
    "extra_info": "2 ar daugiau su –40%"
  },
  {
    "image_url": "https://cdn.barbora.lt/products/84fc1f2c-ae2f-4941-a0cc-4b69812b2a55_m.png",
    "title": "Mėlynių skonio juostelės VERI BERI, 50 g",
    "price": "1.49",
    "price_2": null,
    "extra_info": "2 ar daugiau su –30%"
  },
  {
    "image_url": "https://cdn.barbora.lt/products/9842bf5e-de93-4025-86d9-18254f3a5320_m.png",
    "title": "Skalbinių minkštiklis FROSCH, medvilnės žiedų kvapo, 1 l",
    "price": "2.09",
    "price_2": "2,09€/l",
    "extra_info": "–30%"
  },
  {
    "image_url": "https://cdn.barbora.lt/products/13af1292-d929-4cbf-a538-68ddd7828648_m.png",
    "title": "Pieniniai šokoladukai MILKA MILKINIS, 87.5 g",
    "price": "2.59",
    "price_2": null,
    "extra_info": "2 ar daugiau su –30%"
  },
  {
    "image_url": "https://cdn.barbora.lt/products/9009b048-ce76-4638-b6c5-3beaf6a4c254_m.png",
    "title": "Raud.čeder.sūris WELL DONE 52%,riek,150g, 150 g",
    "price": "1.79",
    "price_2": "11,94€/kg",
    "extra_info": "–22%"
  },
  {
    "image_url": "https://cdn.barbora.lt/products/7f9e1e0c-5b6c-4469-b84d-3affa6382354_m.png",
    "title": "Kepamasis halumis WELL DONE, 43 % rieb. s. m., 225 g",
    "price": "3.19",
    "price_2": "14,18€/kg",
    "extra_info": "–20%"
  },
  {
    "image_url": "https://cdn.barbora.lt/products/c0dd9da1-ea87-4ad4-a35c-345151f24d4f_m.png",
    "title": "Saldainiai PERGALĖ VILNIUS, 250 g",
    "price": "6.39",
    "price_2": null,
    "extra_info": "2 ar daugiau su –30%"
  },
  {
    "image_url": "https://cdn.barbora.lt/products/13eae733-d1e3-4cb3-b68a-84df16b00aa8_m.png",
    "title": "Atšaldytos krabų skonio surimio lazdelės PORT LITE, 150 g",
    "price": "0.99",
    "price_2": "6,6€/kg",
    "extra_info": "–32%"
  },
  {
    "image_url": "https://cdn.barbora.lt/products/88be9974-626e-4b96-81ea-3200b080b7f0_m.png",
    "title": "Ekologiška obuolių ir bananų tyrelė MARMALUZI (nuo 4 mėn.), 90 g",
    "price": "0.99",
    "price_2": "11€/kg",
    "extra_info": "–34%"
  },
  {
    "image_url": "https://cdn.barbora.lt/products/ad9e6038-1e04-44de-ae62-4e6a1c6e89a1_m.png",
    "title": "Kepsnių prieskoniai SANTA MARIA, 30 g",
    "price": "0.99",
    "price_2": null,
    "extra_info": "2 ar daugiau su –40%"
  },
  {
    "image_url": "https://cdn.barbora.lt/products/e517a17d-0b15-4979-8234-88fb668b3a08_m.png",
    "title": "Bulvių prieskoniai VEGETA, 20 g",
    "price": "0.69",
    "price_2": null,
    "extra_info": "2 ar daugiau su –40%"
  },
  {
    "image_url": "https://cdn.barbora.lt/products/975a9524-13f7-4c74-9804-5f0196f0d742_m.png",
    "title": "Rūgštūs guminukai ROSHEN YUMMI GUMMI SOUR BELTS, 70 g",
    "price": "0.79",
    "price_2": null,
    "extra_info": "2 ar daugiau su –30%"
  },
  {
    "image_url": "https://cdn.barbora.lt/products/5d55fc77-3e8c-453d-87bc-6e737c467d06_m.png",
    "title": "Marinuoti burokėliai SPILVA KLASIKA, 570 g",
    "price": "1.37",
    "price_2": "2,4€/kg",
    "extra_info": "–40%"
  },
  {
    "image_url": "https://cdn.barbora.lt/products/b67c4ba2-95f5-4601-b9ef-680f4bd6f26e_m.png",
    "title": "Šaltyje džiovintos avietės SUMMMER, 11 g",
    "price": "1.59",
    "price_2": "144,54€/kg",
    "extra_info": "–26%"
  },
  {
    "image_url": "https://cdn.barbora.lt/products/509b72c0-8ccd-4129-aec2-d9fd01abe11d_m.png",
    "title": "Šokoladinis pieno gėrimas MIAU, 2,6 % rieb., sterilizuotas, 450 ml",
    "price": "1.19",
    "price_2": "2,65€/l",
    "extra_info": "–32%"
  },
  {
    "image_url": "https://cdn.barbora.lt/products/d8d03af9-308f-4abf-9620-c5569b5c9f15_m.png",
    "title": "Granuliuoti česnakai KOTANYI, 28 g",
    "price": "1.19",
    "price_2": null,
    "extra_info": "2 ar daugiau su –40%"
  },
  {
    "image_url": "https://cdn.barbora.lt/products/bac3dbc3-b432-48da-a57f-ed116a5c9428_m.png",
    "title": "Citrinpipiriai SANTA MARIA, 70 g",
    "price": "2.49",
    "price_2": null,
    "extra_info": "2 ar daugiau su –40%"
  },
  {
    "image_url": "https://cdn.barbora.lt/products/7de0dfc7-7105-4ef8-b5a2-ea5da7473aca_m.png",
    "title": "Guminukai HARIBO GOLDBEARS, 175 g",
    "price": "2.79",
    "price_2": null,
    "extra_info": "2 ar daugiau su –30%"
  },
  {
    "image_url": "https://cdn.barbora.lt/products/2f5e36c7-b9ce-40f5-8aa4-49d7359d535c_m.png",
    "title": "Malta rūkyta paprika WELL DONE, 60 g",
    "price": "1.39",
    "price_2": null,
    "extra_info": "2 ar daugiau su –40%"
  },
  {
    "image_url": "https://cdn.barbora.lt/products/8ca02440-0574-4088-995f-22d01e18a701_m.png",
    "title": "Braškinis pieno gėrimas MIAU, 2,3 % rieb., steriziluotas, 450 ml",
    "price": "1.19",
    "price_2": "2,65€/l",
    "extra_info": "–32%"
  },
  {
    "image_url": "https://cdn.barbora.lt/products/59071127-7799-4f56-bc94-2d2db35a1867_m.png",
    "title": "Pieninis šokoladas KINDER, 200 g",
    "price": "4.19",
    "price_2": null,
    "extra_info": "2 ar daugiau su –30%"
  },
  {
    "image_url": "https://cdn.barbora.lt/products/006c2de9-709d-48ba-85ff-458600754b66_m.png",
    "title": "Užkandžių agurkai SPILVA (pjaustyti išilgai), 460 g",
    "price": "1.73",
    "price_2": "3,76€/kg",
    "extra_info": "–40%"
  },
  {
    "image_url": "https://cdn.barbora.lt/products/e36827ca-c271-4827-b984-1b514f9fa64f_m.png",
    "title": "Valg. jogurtas su šok. kukur. dribsniais FANTASIA, 8,4% rieb, 102 g",
    "price": "0.89",
    "price_2": null,
    "extra_info": "3 už 2,39€"
  },
  {
    "image_url": "https://cdn.barbora.lt/products/a3219b72-2a1a-48c6-a441-d723a58c563a_m.png",
    "title": "Universalieji prieskoniai VEGETA, 75 g",
    "price": "0.79",
    "price_2": null,
    "extra_info": "2 ar daugiau su –40%"
  },
  {
    "image_url": "https://cdn.barbora.lt/products/f2a6b9c1-01ab-4d56-8109-d72f1aec6839_m.png",
    "title": "Pikantiškas kibinas su daržovėmis, 105 g",
    "price": "0.99",
    "price_2": null,
    "extra_info": "2 už 1,49€"
  },
  {
    "image_url": "https://cdn.barbora.lt/products/145d0a92-8aac-4da9-a1cd-0d7e92a71bd6_m.png",
    "title": "Šaldytos žaliosios pupelės BONDUELLE VAPEUR, 400 g",
    "price": "2.49",
    "price_2": null,
    "extra_info": "2 ar daugiau su –30%"
  },
  {
    "image_url": "https://cdn.barbora.lt/products/c1411017-baae-42de-b329-51f79bf937ff_m.png",
    "title": "Itališki maltos mėsos prieskoniai SANTA MARIA, 32 g",
    "price": "1.19",
    "price_2": null,
    "extra_info": "2 ar daugiau su –40%"
  },
  {
    "image_url": "https://cdn.barbora.lt/products/5997d0cf-d48d-4472-939e-ad5e246fde49_m.png",
    "title": "Šaldytas daržovių mišinys BONDUELLE su bulvėmis, 400 g",
    "price": "1.95",
    "price_2": null,
    "extra_info": "2 ar daugiau su –30%"
  },
  {
    "image_url": "https://cdn.barbora.lt/products/09c47e22-b687-46b0-be48-11560cf5ad3a_m.png",
    "title": "Rūk. lydytas ROKIŠKIO NAMINIS sūris su kumpiu, 40% rieb.s.m., 250 g",
    "price": "1.69",
    "price_2": "6,76€/kg",
    "extra_info": "–32%"
  },
  {
    "image_url": "https://cdn.barbora.lt/products/86cec495-e65d-46da-b9e3-01f9aeb1522b_m.png",
    "title": "Vytintos dešrelės KAI NORISI MĖSOS, a. r., 200 g",
    "price": "3.39",
    "price_2": "16,95€/kg",
    "extra_info": "–51%"
  },
  {
    "image_url": "https://cdn.barbora.lt/products/bb76cafa-bbf4-4a3f-bf28-c2c949a7cc95_m.png",
    "title": "Saldainiai PERGALĖ PAUKŠČIŲ PIENAS, 155 g",
    "price": "3.99",
    "price_2": null,
    "extra_info": "2 ar daugiau su –30%"
  },
  {
    "image_url": "https://cdn.barbora.lt/products/60a12784-8b0f-4c71-ac7b-d4517fa55b0f_m.png",
    "title": "Virtos SAMSONIUKŲ dešrelės, a. r., 210 g",
    "price": "1.85",
    "price_2": "8,81€/kg",
    "extra_info": "–40%"
  },
  {
    "image_url": "https://cdn.barbora.lt/products/531077c7-769a-42e6-ba66-dffc083b4fde_m.png",
    "title": "Maltas cinamonas SANTA MARIA, 40 g",
    "price": "2.19",
    "price_2": null,
    "extra_info": "2 ar daugiau su –40%"
  },
  {
    "image_url": "https://cdn.barbora.lt/products/0e4da244-399d-4792-922a-2da14c353bce_m.png",
    "title": "Bandelė su obuoliais, 100 g",
    "price": "1.19",
    "price_2": "11,9€/kg",
    "extra_info": "–20%"
  },
  {
    "image_url": "https://cdn.barbora.lt/products/030b7a68-b504-4e3b-b8ea-6997725b35f4_m.png",
    "title": "Malti juodieji pipirai SAUDA, 100 g",
    "price": "2.29",
    "price_2": null,
    "extra_info": "2 ar daugiau su –40%"
  },
  {
    "image_url": "https://cdn.barbora.lt/products/7443d463-2288-4ca0-9c53-ddcb28c9d5f7_m.png",
    "title": "Kibinas su mėsos įdaru, 115 g",
    "price": "0.99",
    "price_2": null,
    "extra_info": "2 už 1,49€"
  },
  {
    "image_url": "https://cdn.barbora.lt/products/c9841aca-3947-4e19-952b-58d5ad8007c8_m.png",
    "title": "Makaronai LA MOLISANA (maži kaspinėliai), 500 g",
    "price": "1.07",
    "price_2": "2,14€/kg",
    "extra_info": "–40%"
  },
  {
    "image_url": "https://cdn.barbora.lt/products/0d31d237-788c-4080-9b9c-494ba3a9c96f_m.png",
    "title": "Triufeliai PERGALĖ HAZELNUT, 200 g",
    "price": "3.59",
    "price_2": null,
    "extra_info": "2 ar daugiau su –30%"
  },
  {
    "image_url": "https://cdn.barbora.lt/products/51147792-59b5-479f-bc43-121c7884560b_m.png",
    "title": "Makaronai CONCHIGLIE RIGATE LAMOLISANA Nr. 25, 500 g",
    "price": "1.07",
    "price_2": "2,14€/kg",
    "extra_info": "–40%"
  },
  {
    "image_url": "https://cdn.barbora.lt/products/10817b3d-5f1b-487b-81fd-974d8c7539f7_m.png",
    "title": "Prieskonių mišinys SANTA MARIA TEX MEX CHILI CON CARNE, 28 g",
    "price": "1.59",
    "price_2": null,
    "extra_info": "2 ar daugiau su –40%"
  },
  {
    "image_url": "https://cdn.barbora.lt/products/5abe20fe-eb4d-4496-a2ed-cf5e3f787f51_m.png",
    "title": "Ekol. jogurtas su mėlynėmis ir avietėmis AUGA, 3,5 % rieb., 350 g",
    "price": "1.59",
    "price_2": "4,55€/kg",
    "extra_info": "–20%"
  },
  {
    "image_url": "https://cdn.barbora.lt/products/64b195f1-ec32-443a-bb1a-e9043f729190_m.png",
    "title": "Spraginamieji kukurūzai MOGYI, sviesto skonio, 100 g",
    "price": "0.65",
    "price_2": "6,5€/kg",
    "extra_info": "–34%"
  },
  {
    "image_url": "https://cdn.barbora.lt/products/eb4bc222-5eca-445a-b848-d5d61419f760_m.png",
    "title": "Tualetinis popierius ZEWA EVERYDAY; 3sl, 6vnt",
    "price": "4.29",
    "price_2": null,
    "extra_info": "2 ar daugiau su –40%"
  },
  {
    "image_url": "https://cdn.barbora.lt/products/e224bf9c-033c-4cf5-b16f-57a01c635afe_m.png",
    "title": "Spraginamieji kukurūzai su druska MOGYI, 100 g",
    "price": "0.65",
    "price_2": "6,5€/kg",
    "extra_info": "–34%"
  },
  {
    "image_url": "https://cdn.barbora.lt/products/dae9aad2-3168-415d-89a2-d5745557bfc9_m.png",
    "title": "Raudonėliai SALDVA, 7 g",
    "price": "0.65",
    "price_2": null,
    "extra_info": "2 ar daugiau su –40%"
  },
  {
    "image_url": "https://cdn.barbora.lt/products/6a905944-9743-42c3-8784-5309add6c647_m.png",
    "title": "Pieninis šokoladas MILKA BUBBLY, 90 g",
    "price": "2.59",
    "price_2": null,
    "extra_info": "2 ar daugiau su –30%"
  },
  {
    "image_url": "https://cdn.barbora.lt/products/178f066f-08d5-488e-8f7f-570bd47468da_m.png",
    "title": "Skalbinių minkštiklis FROSCH SENSITIVE, 40 skalbimų, 1,5 l, 1 l",
    "price": "2.09",
    "price_2": "2,09€/l",
    "extra_info": "–30%"
  },
  {
    "image_url": "https://cdn.barbora.lt/products/e9e78684-0607-4d92-9ed8-d611c2e4ea7c_m.png",
    "title": "Vanilinis cukrus SANTA MARIA, 20 g",
    "price": "1.29",
    "price_2": null,
    "extra_info": "2 ar daugiau su –40%"
  },
  {
    "image_url": "https://cdn.barbora.lt/products/d6442baa-54b1-471e-8d7f-d2d138f54303_m.png",
    "title": "Sausainiai GAIDELIS 7 GRŪDAI su morkomis ir cinamonu, 160 g",
    "price": "1.29",
    "price_2": null,
    "extra_info": "2 už 1,79€"
  },
  {
    "image_url": "https://cdn.barbora.lt/products/4d1ab543-9455-44be-908b-404465fad259_m.png",
    "title": "Valgom. ROKIŠKIO jogurtas BIFI su braškėmis, granola, 6 %, 200 g",
    "price": "1.09",
    "price_2": "5,45€/kg",
    "extra_info": "–25%"
  },
  {
    "image_url": "https://cdn.barbora.lt/products/a3544537-efa9-48c0-9a53-cec57d973cc1_m.png",
    "title": "Popieriniai rankšluosčiai GRITE ORCHIDEA (3 sluoksnių), 2 vnt.",
    "price": "2.69",
    "price_2": null,
    "extra_info": "2 ar daugiau su –40%"
  },
  {
    "image_url": "https://cdn.barbora.lt/products/6c80645c-2209-47d6-a346-46dc77ab6dda_m.png",
    "title": "Karštai rūkytas servelatas KAI NORISI MĖSOS, a. r., 400 g",
    "price": "2.99",
    "price_2": "7,48€/kg",
    "extra_info": "–50%"
  },
  {
    "image_url": "https://cdn.barbora.lt/products/b1b7e278-ebea-4825-9945-fffb169ce48f_m.png",
    "title": "Popieriniai rankšluosčiai BLOOM DELUXE, 3 sluoksnių, 1 vnt.",
    "price": "3.99",
    "price_2": null,
    "extra_info": "2 ar daugiau su –40%"
  },
  {
    "image_url": "https://cdn.barbora.lt/products/533a38fe-e2bf-47a2-b4a7-f0f45690ccaf_m.png",
    "title": "Vienkartinės nosinaitės dėžutėje ZEWA SOFTIS, 80 vnt.",
    "price": "2.89",
    "price_2": null,
    "extra_info": "2 ar daugiau su –40%"
  },
  {
    "image_url": "https://cdn.barbora.lt/products/8172bad1-1a7c-4166-9394-8239fdff723a_m.png",
    "title": "Drėgnos servetėlės WATERWIPES, 48 vnt., 48 vnt.",
    "price": "2.29",
    "price_2": "0,05€/vnt.",
    "extra_info": "–43%"
  },
  {
    "image_url": "https://cdn.barbora.lt/products/d00b6e6e-9cfe-42e1-87f6-09a1146ffc82_m.png",
    "title": "Karšto vyno prieskoniai WELL DONE, 40 g",
    "price": "1.29",
    "price_2": null,
    "extra_info": "2 ar daugiau su –40%"
  },
  {
    "image_url": "https://cdn.barbora.lt/products/2840727e-428c-4ccf-b361-e23a1ecf7333_m.png",
    "title": "Šaldyti MAMOS tarkuotų bulvių cepelinai JUDEX, 800 g",
    "price": "2.51",
    "price_2": "3,14€/kg",
    "extra_info": "–40%"
  },
  {
    "image_url": "https://cdn.barbora.lt/products/49c78191-22af-4d8e-a172-8c984267be65_m.png",
    "title": "Pyragėliai BARNI su šokolado įdaru, 150 g",
    "price": "1.85",
    "price_2": "12,33€/kg",
    "extra_info": "–31%"
  },
  {
    "image_url": "https://cdn.barbora.lt/products/744b5732-f769-44cd-8c1c-daacf015005d_m.png",
    "title": "Ekologiški saldžiųjų kukurūzų žiedai ORGANIX, nuo 7 mėn., 20 g",
    "price": "1.19",
    "price_2": "59,5€/kg",
    "extra_info": "–40%"
  },
  {
    "image_url": "https://cdn.barbora.lt/products/0ac1eea4-b35e-44c8-be54-17dabc60ccdc_m.png",
    "title": "Šviežios vištienos dešrelės su čederiu, 400 g",
    "price": "2.39",
    "price_2": "5,98€/kg",
    "extra_info": "–32%"
  },
  {
    "image_url": "https://cdn.barbora.lt/products/c5854822-a672-423d-b585-55c7de800640_m.png",
    "title": "Vienkartinės nosinaitės BLOOM DELUXE 4 sl, 10 pak. x 10 vnt.",
    "price": "1.55",
    "price_2": null,
    "extra_info": "2 ar daugiau su –40%"
  },
  {
    "image_url": "https://cdn.barbora.lt/products/9d77e43f-e96c-4565-a639-4c11c237278c_m.png",
    "title": "Kalendros vazonėlyje, 1 vnt.",
    "price": "1.99",
    "price_2": null,
    "extra_info": "2 ar daugiau su –40%"
  },
  {
    "image_url": "https://cdn.barbora.lt/products/dc80b75b-594e-46ee-a9d6-f490ecbfe5c5_m.png",
    "title": "Sodrus jautienos sultinys MAGGI KOSTILIJA (12 x 10 g), 120 g",
    "price": "0.95",
    "price_2": "7,92€/kg",
    "extra_info": "–40%"
  },
  {
    "image_url": "https://cdn.barbora.lt/products/1b730029-2cac-4991-8bf6-0a5e24ced9ca_m.png",
    "title": "Ekologiškas įv. vaisių sulčių avižų batonėlis HIPP (nuo 1 m.), 23 g",
    "price": "1.25",
    "price_2": "54,35€/kg",
    "extra_info": "–30%"
  },
  {
    "image_url": "https://cdn.barbora.lt/products/02f2578d-1d47-4710-828d-a004b54ae8cc_m.png",
    "title": "Vanilinis sojų gėrimas su kalciu ALPRO, 1 l",
    "price": "2.16",
    "price_2": "2,16€/l",
    "extra_info": "–30%"
  },
  {
    "image_url": "https://cdn.barbora.lt/products/3667b29e-f198-4e89-bc1d-e1e6440615aa_m.png",
    "title": "Rytietiškas marinatas SANTA MARIA BBQ (TERIYAKI), 75 g",
    "price": "0.95",
    "price_2": null,
    "extra_info": "2 ar daugiau su –40%"
  },
  {
    "image_url": "https://cdn.barbora.lt/products/3559a107-fe52-4bf6-a059-75a5883f1786_m.png",
    "title": "Šaldyti Sibirietiški koldūnai JUDEX su mėsos įdaru, 2 kg",
    "price": "3.57",
    "price_2": "1,79€/kg",
    "extra_info": "–40%"
  },
  {
    "image_url": "https://cdn.barbora.lt/products/44a83323-af58-4255-b556-3846f4493e12_m.png",
    "title": "Saldainiai MILKA ALPINE MILK HAPPY COWS, 330 g",
    "price": "5.99",
    "price_2": null,
    "extra_info": "2 ar daugiau su –30%"
  },
  {
    "image_url": "https://cdn.barbora.lt/products/fc58cd0e-d2f6-4e3c-9e9f-7f38c4dff9f5_m.png",
    "title": "Makaronai GEMELLI LAMOLISANA Nr. 80, 500 g",
    "price": "1.07",
    "price_2": "2,14€/kg",
    "extra_info": "–40%"
  },
  {
    "image_url": "https://cdn.barbora.lt/products/5b4a1544-bac8-4ecb-b9e9-8592304b087c_m.png",
    "title": "Vytinta dešra KAI NORISI MĖSOS, aukščiausia rūšis, 105 g",
    "price": "1.49",
    "price_2": "14,19€/kg",
    "extra_info": "–50%"
  },
  {
    "image_url": "https://cdn.barbora.lt/products/d049f701-8d79-49c5-9ff7-faf74e0ccdb8_m.png",
    "title": "Paukštienos prieskoniai SAUDA, 100 g",
    "price": "0.79",
    "price_2": null,
    "extra_info": "2 ar daugiau su –40%"
  },
  {
    "image_url": "https://cdn.barbora.lt/products/fada4719-2f50-4012-90dc-a28344904088_m.png",
    "title": "Triufeliai PERGALĖ COGNAC, 200 g",
    "price": "3.59",
    "price_2": null,
    "extra_info": "2 ar daugiau su –30%"
  },
  {
    "image_url": "https://cdn.barbora.lt/products/08be0425-714c-4f1e-b009-4fbf3830a62c_m.png",
    "title": "Maltos rūkytos paprikos SANTA MARIA, 37 g",
    "price": "2.69",
    "price_2": null,
    "extra_info": "2 ar daugiau su –40%"
  },
  {
    "image_url": "https://cdn.barbora.lt/products/ee93100d-685c-4dbc-8b3f-c85dad5eab00_m.png",
    "title": "Fermentuotas sojų produktas ALPRO, uogų ir datulių skonio, 400 g",
    "price": "1.95",
    "price_2": "4,88€/kg",
    "extra_info": "–30%"
  },
  {
    "image_url": "https://cdn.barbora.lt/products/abb45004-1439-44ef-aaf9-c8704aa94eb0_m.png",
    "title": "Korėjietiški burokėliai, 400 g",
    "price": "1.19",
    "price_2": "2,98€/kg",
    "extra_info": "–34%"
  },
  {
    "image_url": "https://cdn.barbora.lt/products/94461de9-42f2-4d03-93b3-b0c6d08d9841_m.png",
    "title": "VILNIAUS DUONOS džiūvėsiai su razinomis, 250 g",
    "price": "1.69",
    "price_2": "6,76€/kg",
    "extra_info": "–32%"
  },
  {
    "image_url": "https://cdn.barbora.lt/products/3e477c89-e761-4610-9da6-8a1d5316008b_m.png",
    "title": "Trikampio formos kukurūzų trapučiai SAULĖS GRŪDAS, RANCH skonio, 60 g",
    "price": "1.25",
    "price_2": null,
    "extra_info": "2 už 1,89€"
  },
  {
    "image_url": "https://cdn.barbora.lt/products/9dcbc1c9-e57e-48bc-83cb-9fbfb89bb38a_m.png",
    "title": "Mėsos prieskoniai SANTA MARIA, 35 g",
    "price": "1.09",
    "price_2": null,
    "extra_info": "2 ar daugiau su –40%"
  },
  {
    "image_url": "https://cdn.barbora.lt/products/4ccbbec1-8a3e-4085-94b5-b72b3acd3430_m.png",
    "title": "SOSTINĖS saldainiai, 170 g",
    "price": "4.99",
    "price_2": null,
    "extra_info": "2 ar daugiau su –30%"
  },
  {
    "image_url": "https://cdn.barbora.lt/products/cc871353-fecb-44bc-8c76-47bf99168246_m.png",
    "title": "Citrinų rūgštis KLINGAI, 500 g",
    "price": "2.69",
    "price_2": null,
    "extra_info": "2 ar daugiau su –40%"
  },
  {
    "image_url": "https://cdn.barbora.lt/products/ef965b97-a41a-440e-8cfd-7c6f59a8f942_m.png",
    "title": "ŠVENTINĖ plikyta VERBŪNŲ duona, 400 g",
    "price": "0.89",
    "price_2": "2,23€/kg",
    "extra_info": "–18%"
  },
  {
    "image_url": "https://cdn.barbora.lt/products/e867573f-6ad7-4fad-97dd-fad89a7b5dc4_m.png",
    "title": "Angliškos garstyčios SPILVA, 200 ml",
    "price": "1.07",
    "price_2": "5,35€/l",
    "extra_info": "–40%"
  },
  {
    "image_url": "https://cdn.barbora.lt/products/ad29a356-bf5a-4d6b-baf6-b916ac1eee1b_m.png",
    "title": "Ekologiškas daržovių sultinys MAGGI, 80 g",
    "price": "1.79",
    "price_2": "22,38€/kg",
    "extra_info": "–40%"
  },
  {
    "image_url": "https://cdn.barbora.lt/products/ea1e1c0f-e49a-4a30-9857-7f340e70538d_m.png",
    "title": "Tualetinis popierius BLOOM COMFORT CHAMOMILE, 3 sluoksnių, 8 vnt.",
    "price": "3.39",
    "price_2": null,
    "extra_info": "2 ar daugiau su –40%"
  },
  {
    "image_url": "https://cdn.barbora.lt/products/abad60b0-5f15-4f4e-9db3-c1653ee21dfb_m.png",
    "title": "Aštri sriuba su kariu ACTIVUS EKO, 400 g",
    "price": "1.31",
    "price_2": "3,28€/kg",
    "extra_info": "–40%"
  },
  {
    "image_url": "https://cdn.barbora.lt/products/b9aaed2c-a9be-4fff-8c09-bd004fe3a840_m.png",
    "title": "Smulkintos kalendros SANTA MARIA, 20 g",
    "price": "1.09",
    "price_2": null,
    "extra_info": "2 ar daugiau su –40%"
  },
  {
    "image_url": "https://cdn.barbora.lt/products/dbe1dbcd-eac3-4208-af9c-d30ce3591ae8_m.png",
    "title": "Česnakų granulės WELL DONE, 60 g",
    "price": "1.29",
    "price_2": null,
    "extra_info": "2 ar daugiau su –40%"
  },
  {
    "image_url": "https://cdn.barbora.lt/products/a0b9cebd-176c-4948-81ab-8c3ba41a7d21_m.png",
    "title": "Kreminis jogurtas FANTASIA M&M, vanilės skonio, 13 % rieb., 120 g",
    "price": "1.29",
    "price_2": null,
    "extra_info": "3 už 2,39€"
  },
  {
    "image_url": "https://cdn.barbora.lt/products/9f1837b0-d661-4c8b-b4a6-a52031af3a54_m.png",
    "title": "Rūkytas ROKIŠKIO sūris, 43 % rieb. s. m., 1 kg",
    "price": "8.89",
    "price_2": "8,89€/kg",
    "extra_info": "–30%"
  },
  {
    "image_url": "https://cdn.barbora.lt/products/56ce6b02-d50a-437e-89ca-aef1d7d05da2_m.png",
    "title": "Makaronų prieskoniai SANTA MARIA, 22 g",
    "price": "0.99",
    "price_2": null,
    "extra_info": "2 ar daugiau su –40%"
  },
  {
    "image_url": "https://cdn.barbora.lt/products/72a8531a-9095-43f1-a8bd-fda5cbc9d509_m.png",
    "title": "Aviečių uogienė SPILVA, 380 g",
    "price": "2.21",
    "price_2": "5,82€/kg",
    "extra_info": "–40%"
  },
  {
    "image_url": "https://cdn.barbora.lt/products/a34891b5-f084-4ea2-b34a-c63ae1809a5e_m.png",
    "title": "Svogūnų granulės WELL DONE, 40 g",
    "price": "1.29",
    "price_2": null,
    "extra_info": "2 ar daugiau su –40%"
  },
  {
    "image_url": "https://cdn.barbora.lt/products/247cadfd-5241-463e-b7bb-87ca0c41a295_m.png",
    "title": "Bulvių prieskoniai SANTA MARIA, 100 g",
    "price": "1.99",
    "price_2": null,
    "extra_info": "2 ar daugiau su –40%"
  },
  {
    "image_url": "https://cdn.barbora.lt/products/592f9e2b-a4e5-4337-8292-9da44cdbbae2_m.png",
    "title": "Vienkartinės nosinaitės ZEWA FAMILY, 3 sluoksnių, 90 vnt.",
    "price": "2.79",
    "price_2": null,
    "extra_info": "2 ar daugiau su –40%"
  },
  {
    "image_url": "https://cdn.barbora.lt/products/4c02b38c-385c-40fc-a8ca-3b51895d31fb_m.png",
    "title": "Bruknių uogienė SPILVA, 380 g",
    "price": "2.81",
    "price_2": "7,39€/kg",
    "extra_info": "–40%"
  },
  {
    "image_url": "https://cdn.barbora.lt/products/904f46c0-d6cc-437f-8b0b-e33b8cff0d5a_m.png",
    "title": "Makaronai LINGUINE LAMOLISANA Nr. 6, 500 g",
    "price": "1.07",
    "price_2": "2,14€/kg",
    "extra_info": "–40%"
  },
  {
    "image_url": "https://cdn.barbora.lt/products/83a7af87-481c-4a75-9e64-12b555079147_m.png",
    "title": "Ekol.bananų,obuolių ir aviečių sulčių batonėlis HIPP,nuo 1m., 23 g",
    "price": "1.25",
    "price_2": "54,35€/kg",
    "extra_info": "–30%"
  },
  {
    "image_url": "https://cdn.barbora.lt/products/ce10592d-82d9-45e4-aab6-066aed5fae43_m.png",
    "title": "Ekologiški higieniniai paketai GENTLE DAY USE ECO (dieniniai), 10 vnt.",
    "price": "2.65",
    "price_2": "0,27€/vnt.",
    "extra_info": "–30%"
  },
  {
    "image_url": "https://cdn.barbora.lt/products/eae98278-1b1a-4fdf-9043-a3fa4485604f_m.png",
    "title": "Prieskoniai VEGETA auksinei vištienai kepti, 20 g",
    "price": "0.69",
    "price_2": null,
    "extra_info": "2 ar daugiau su –40%"
  },
  {
    "image_url": "https://cdn.barbora.lt/products/e29de1a4-05c4-4378-afcf-b33cfd9c4618_m.png",
    "title": "Kepimo milteliai SANTA MARIA, 45 g",
    "price": "1.49",
    "price_2": null,
    "extra_info": "2 ar daugiau su –40%"
  },
  {
    "image_url": "https://cdn.barbora.lt/products/f9a6b9d8-aa6f-48da-9d88-b5b7f84efaf2_m.png",
    "title": "Džiovintų daržovių mišinys (stambios frakcijos) SAUDA, 100 g",
    "price": "0.99",
    "price_2": null,
    "extra_info": "2 ar daugiau su –40%"
  },
  {
    "image_url": "https://cdn.barbora.lt/products/7872a96a-b786-45d7-adda-3412e434884a_m.png",
    "title": "Ekologiška kriaušių, bananų ir kivių tyrelė HIPP nuo 6 mėn., 100 g",
    "price": "1.25",
    "price_2": "12,5€/kg",
    "extra_info": "–30%"
  },
  {
    "image_url": "https://cdn.barbora.lt/products/7bc6d2a9-14cd-4d63-9ad7-338dd85b664f_m.png",
    "title": "Dribsniai NESTLE CINI MINIS, cinamono skonio, 375 g",
    "price": "2.39",
    "price_2": "6,37€/kg",
    "extra_info": "–40%"
  },
  {
    "image_url": "https://cdn.barbora.lt/products/22d65a8d-7a84-460b-ab61-71f17450c716_m.png",
    "title": "Popieriniai rankšluosčiai ZEWA EASY, 120 vnt.",
    "price": "2.99",
    "price_2": null,
    "extra_info": "2 ar daugiau su –40%"
  },
  {
    "image_url": "https://cdn.barbora.lt/products/ee6b3757-260a-460d-af75-bb00a518c121_m.png",
    "title": "Šaldyta glazūruota ilgųjų jūrinių lydekų filė NOWACO be odos, 800 g",
    "price": "6.39",
    "price_2": "7,99€/kg",
    "extra_info": "–20%"
  },
  {
    "image_url": "https://cdn.barbora.lt/products/40decea0-3718-4dc6-b19d-c0140d3133d6_m.png",
    "title": "Varškės sūris WELL DONE, 22 % rieb., 250 g",
    "price": "2.99",
    "price_2": "11,96€/kg",
    "extra_info": "–25%"
  },
  {
    "image_url": "https://cdn.barbora.lt/products/87f7de00-57c1-4a93-9ced-deee10bf9e01_m.png",
    "title": "Kukurūzų užkandis CHEETOS SPIRALS, kečupo ir sūrio skonio, 145 g",
    "price": "1.29",
    "price_2": "8,9€/kg",
    "extra_info": "–50%"
  },
  {
    "image_url": "https://cdn.barbora.lt/products/48426e54-fdb1-4315-b481-5cc74afc2c75_m.png",
    "title": "Bazilikai SANTA MARIA, 6 g",
    "price": "1.19",
    "price_2": null,
    "extra_info": "2 ar daugiau su –40%"
  },
  {
    "image_url": "https://cdn.barbora.lt/products/92ee1b3e-ec88-4b06-8bfd-49be6e991c15_m.png",
    "title": "JORĖ balta duona pagard sėklom, 280 g",
    "price": "1.35",
    "price_2": "4,82€/kg",
    "extra_info": "–20%"
  },
  {
    "image_url": "https://cdn.barbora.lt/products/c7c47224-8edf-4281-94fd-ce2cb5c8be18_m.png",
    "title": "Raudonojo kario prieskonių mišinys SANTA MARIA, 32 g",
    "price": "1.65",
    "price_2": null,
    "extra_info": "2 ar daugiau su –40%"
  },
  {
    "image_url": "https://cdn.barbora.lt/products/e5f407b6-5a31-48a7-939f-6129b2cd07d0_m.png",
    "title": "Vytintas kumpis SERRANO, I r., 220 g",
    "price": "4.79",
    "price_2": "21,77€/kg",
    "extra_info": "–20%"
  },
  {
    "image_url": "https://cdn.barbora.lt/products/19c05b55-919c-4fcd-89d9-da71b9b32ec8_m.png",
    "title": "Vytinta sausai sūdyta KLEBONIŠKA nugarinė, pjaustyta, a. r., 100 g",
    "price": "2.09",
    "price_2": "20,9€/kg",
    "extra_info": "–30%"
  },
  {
    "image_url": "https://cdn.barbora.lt/products/745d46cd-a817-4fa5-98a2-a725094e17e2_m.png",
    "title": "ŠAUKĖNŲ plikyta ruginė duona, 720 g",
    "price": "1.25",
    "price_2": "1,74€/kg",
    "extra_info": "–16%"
  },
  {
    "image_url": "https://cdn.barbora.lt/products/750c4a85-b58a-45b2-8426-0f6b41581a0a_m.png",
    "title": "Aštri pupelių sriuba su jautiena ACTIVUS, 400 g",
    "price": "1.79",
    "price_2": "4,48€/kg",
    "extra_info": "–40%"
  },
  {
    "image_url": "https://cdn.barbora.lt/products/8bc56d62-2292-4ed2-bdb7-e2dade2df87b_m.png",
    "title": "Tiršta vištienos sriuba MAGGI 5 MINUTES su skrebučiais, 16 g",
    "price": "0.35",
    "price_2": "21,88€/kg",
    "extra_info": "–41%"
  },
  {
    "image_url": "https://cdn.barbora.lt/products/05a74562-a14b-4dd2-9fc2-a20d12897a6c_m.png",
    "title": "Guminukai HARIBO FRUITY-BUSSI, 175 g",
    "price": "2.79",
    "price_2": null,
    "extra_info": "2 ar daugiau su –30%"
  },
  {
    "image_url": "https://cdn.barbora.lt/products/620b9195-aabc-4412-b6bb-2a43656c5855_m.png",
    "title": "Indų ploviklis FROSCH GRANATAPFEL su balzamu (granatų kvapo), 500 ml",
    "price": "1.19",
    "price_2": "2,38€/l",
    "extra_info": "–30%"
  },
  {
    "image_url": "https://cdn.barbora.lt/products/021e2dec-3279-4ee9-9226-1097bd8cf13c_m.png",
    "title": "Gabalinis tualetinis muilas DOVE ORIGINAL, 90 g",
    "price": "0.55",
    "price_2": "6,11€/kg",
    "extra_info": "–56%"
  },
  {
    "image_url": "https://cdn.barbora.lt/products/2ebaa03d-9551-4fbc-9cf3-5ccde6e23c1d_m.png",
    "title": "Šaldyti virtiniai JUDEX TINGINIAI, 500 g",
    "price": "1.41",
    "price_2": "2,82€/kg",
    "extra_info": "–40%"
  },
  {
    "image_url": "https://cdn.barbora.lt/products/8f528478-afdb-47f4-bc8a-c837be3b20f9_m.png",
    "title": "Prieskoninių daržovių mišinys VEGETA NATUR be maisto priedų, 150 g",
    "price": "1.89",
    "price_2": null,
    "extra_info": "2 ar daugiau su –40%"
  },
  {
    "image_url": "https://cdn.barbora.lt/products/047f8975-603e-492c-8ce6-b61cd51a0537_m.png",
    "title": "SOSTINĖS saldainiai, 250 g",
    "price": "6.39",
    "price_2": null,
    "extra_info": "2 ar daugiau su –30%"
  },
  {
    "image_url": "https://cdn.barbora.lt/products/e4360fed-c93e-4e43-adbd-2d276738eb94_m.png",
    "title": "Sūris MOZZARELLA, 45 % rieb. s. m., 200 g",
    "price": "2.19",
    "price_2": "10,95€/kg",
    "extra_info": "–30%"
  },
  {
    "image_url": "https://cdn.barbora.lt/products/a41cbcc9-74c3-4c15-b8c6-6e734d692366_m.png",
    "title": "Malti muskatai SALDVA, 22 g",
    "price": "1.09",
    "price_2": null,
    "extra_info": "2 ar daugiau su –40%"
  },
  {
    "image_url": "https://cdn.barbora.lt/products/7fc6b9fd-0e41-426e-9480-677474941524_m.png",
    "title": "Sūdyta silkių filė su žolelėmis, be aliejaus WELL DONE, 190 g",
    "price": "1.59",
    "price_2": "8,37€/kg",
    "extra_info": "–31%"
  },
  {
    "image_url": "https://cdn.barbora.lt/products/68a57c0c-22d3-4b8b-af12-15d0c41b73c6_m.png",
    "title": "Šaltai rūkyta KLEBONIŠKA nugarinė, a. r., 80 g",
    "price": "1.79",
    "price_2": "22,38€/kg",
    "extra_info": "–31%"
  },
  {
    "image_url": "https://cdn.barbora.lt/products/13ff80ea-db99-421e-9889-1a7c6407f13e_m.png",
    "title": "Saldainiai PERGALĖ VILNIUS, 170 g",
    "price": "4.99",
    "price_2": null,
    "extra_info": "2 ar daugiau su –30%"
  },
  {
    "image_url": "https://cdn.barbora.lt/products/0e46d6ff-57ce-4326-a9ca-7e073cfe5910_m.png",
    "title": "Česnakinė druska SANTA MARIA, 77 g",
    "price": "1.39",
    "price_2": null,
    "extra_info": "2 ar daugiau su –40%"
  },
  {
    "image_url": "https://cdn.barbora.lt/products/7ca006b1-afe4-4005-bcd1-740c8dcd8620_m.png",
    "title": "Popieriniai rankšluosčiai BLOOM, 2 sluoksnių, 1 vnt.",
    "price": "1.39",
    "price_2": null,
    "extra_info": "2 ar daugiau su –40%"
  },
  {
    "image_url": "https://cdn.barbora.lt/products/eceee28b-255c-4080-a979-e743eeb673c4_m.png",
    "title": "Sausainiai GAIDELIS 7 GRŪDAI su kokosais ir šokoladu, 160 g",
    "price": "1.29",
    "price_2": null,
    "extra_info": "2 už 1,79€"
  },
  {
    "image_url": "https://cdn.barbora.lt/products/e37c68f7-49b5-4290-a660-38d13d14ab94_m.png",
    "title": "Ekologiški pomidorų griežinėliai ORGANIX, nuo 7 mėn., 20 g",
    "price": "1.19",
    "price_2": "59,5€/kg",
    "extra_info": "–40%"
  },
  {
    "image_url": "https://cdn.barbora.lt/products/06a20b67-2140-4b96-a1fa-9cb1143463c6_m.png",
    "title": "Tepamasis lydytas sūrelis ROKIŠKIO MOZZARELLA, 23 % rieb., 175 g",
    "price": "1.95",
    "price_2": null,
    "extra_info": "2 už 3,49€"
  },
  {
    "image_url": "https://cdn.barbora.lt/products/1bb90981-8277-4606-a924-fa0ced9015e5_m.png",
    "title": "Šaltai rūkyta KLEBONIŠKA nugarinė su česnakais ir pomidorais, A.r., 100 g",
    "price": "1.59",
    "price_2": "15,9€/kg",
    "extra_info": "–31%"
  },
  {
    "image_url": "https://cdn.barbora.lt/products/d0866bb7-186c-4f07-8695-4faac8886e28_m.png",
    "title": "Ekologiškas indų ploviklis FROSCH GREEN LEMON, 500 ml",
    "price": "1.25",
    "price_2": "2,5€/l",
    "extra_info": "–30%"
  },
  {
    "image_url": "https://cdn.barbora.lt/products/512020d2-d246-42d6-abaa-f06c22f16927_m.png",
    "title": "Pieninis šokoladas MILKA su OREO sausainių gabaliukais, 100 g",
    "price": "2.59",
    "price_2": null,
    "extra_info": "2 ar daugiau su –30%"
  },
  {
    "image_url": "https://cdn.barbora.lt/products/28ac3d06-64e2-4a3b-8f39-ab5695646479_m.png",
    "title": "Skalbinių minkštiklis BALANCE su medvilnės ekstraktu, 1.5 l",
    "price": "3.09",
    "price_2": "2,06€/l",
    "extra_info": "–40%"
  },
  {
    "image_url": "https://cdn.barbora.lt/products/b78e4fc7-5ff8-4252-a824-ad4a4cc9bb15_m.png",
    "title": "Traškūs krekeriai ELEPHANT su druska, 180 g",
    "price": "1.99",
    "price_2": "11,06€/kg",
    "extra_info": "–23%"
  },
  {
    "image_url": "https://cdn.barbora.lt/products/a130e88d-c97d-45bc-9917-839b3e970225_m.png",
    "title": "Šlapias tualetinis popierius ZEWA ALOE VERA, 42 vnt.",
    "price": "1.79",
    "price_2": "0,04€/vnt.",
    "extra_info": "–50%"
  },
  {
    "image_url": "https://cdn.barbora.lt/products/38e2a18d-5903-45bc-8c26-17939313fa34_m.png",
    "title": "Klasikinis PESTO padažas FILIPPO BERIO, 190 g",
    "price": "2.02",
    "price_2": "10,63€/kg",
    "extra_info": "–30%"
  },
  {
    "image_url": "https://cdn.barbora.lt/products/1c5d1e8f-f2e7-437b-8f0d-ebc54d33fabc_m.png",
    "title": "Trinta pievagrybių sriuba ACTIVUS EKO, 400 g",
    "price": "1.31",
    "price_2": "3,28€/kg",
    "extra_info": "–40%"
  },
  {
    "image_url": "https://cdn.barbora.lt/products/bdd97292-4692-4fa5-bd9d-ddbd9d5d99a6_m.png",
    "title": "Ekologiškas dušo ir vonios valiklis FROSCH, 500 ml",
    "price": "2.19",
    "price_2": "4,38€/l",
    "extra_info": "–31%"
  },
  {
    "image_url": "https://cdn.barbora.lt/products/29bc181b-2cb6-4cdb-a56f-2226acb0d92c_m.png",
    "title": "Saldus varškės sūrelis RYTAS su persikais ir mangais, 7 % rieb., 100 g",
    "price": "1.09",
    "price_2": null,
    "extra_info": "2 už 1,95€"
  },
  {
    "image_url": "https://cdn.barbora.lt/products/861be468-9e9e-4366-bc71-1ed913e9bab5_m.png",
    "title": "Ekologiškas avokadas HASS, 150 g",
    "price": "2.09",
    "price_2": "13,93€/kg",
    "extra_info": "–30%"
  },
  {
    "image_url": "https://cdn.barbora.lt/products/752bd384-3feb-45df-8fcd-2c979ebe2e33_m.png",
    "title": "Laurų lapai SANTA MARIA, 4 g",
    "price": "1.49",
    "price_2": null,
    "extra_info": "2 ar daugiau su –40%"
  },
  {
    "image_url": "https://cdn.barbora.lt/products/358b0c9e-0a9d-46c0-bfcd-1817d960ac87_m.png",
    "title": "Prieskonių mišinys VEGETA, 250 g",
    "price": "2.49",
    "price_2": null,
    "extra_info": "2 ar daugiau su –40%"
  },
  {
    "image_url": "https://cdn.barbora.lt/products/10335ac7-2dc3-4fb4-93cb-f95075d4f0a4_m.png",
    "title": "Žieminis langų skystis SOLID BY KAUFTEC PRO -25 ⁰C, 4 l",
    "price": "5.99",
    "price_2": null,
    "extra_info": "2 ar daugiau su –40%"
  },
  {
    "image_url": "https://cdn.barbora.lt/products/5b50fdbd-996d-4121-a7cb-57fd3253abd1_m.png",
    "title": "Rupi jūros druska CHALUPA, 1 kg",
    "price": "0.99",
    "price_2": null,
    "extra_info": "2 ar daugiau su –40%"
  },
  {
    "image_url": "https://cdn.barbora.lt/products/8a0d864d-5df3-4b04-88aa-3541f6c0b70d_m.png",
    "title": "Ekologiška bananų ir slyvų MAMUKO tyrelė nuo 4 mėn., 100 g",
    "price": "1.25",
    "price_2": "12,5€/kg",
    "extra_info": "–30%"
  },
  {
    "image_url": "https://cdn.barbora.lt/products/1263f02a-1c49-4924-8f00-5cc9bda21138_m.png",
    "title": "Jautienos sultinys MAGGI, 80 g, 80 g",
    "price": "0.77",
    "price_2": "9,63€/kg",
    "extra_info": "–40%"
  },
  {
    "image_url": "https://cdn.barbora.lt/products/52f8a3da-a25f-4df7-a43b-d9574cc5b990_m.png",
    "title": "Kepimo aliejus BASSO, 1 l",
    "price": "3.71",
    "price_2": "3,71€/l",
    "extra_info": "–40%"
  },
  {
    "image_url": "https://cdn.barbora.lt/products/2dbd73aa-ff4d-497b-800e-c85f087d665e_m.png",
    "title": "Pieninis šokoladas MILKA HAPPY COW su baltuoju šokoladu, 90 g",
    "price": "2.59",
    "price_2": null,
    "extra_info": "2 ar daugiau su –30%"
  },
  {
    "image_url": "https://cdn.barbora.lt/products/4062911f-5c2d-4ccf-9d66-6107292092ea_m.png",
    "title": "Stalo žvakė ELEMENTS SENSE, 2,3 x 24,5 cm, 1 vnt.",
    "price": "0.59",
    "price_2": null,
    "extra_info": "2 ar daugiau su –40%"
  },
  {
    "image_url": "https://cdn.barbora.lt/products/fa111924-b211-40c2-8ef5-9b26b89f0d15_m.png",
    "title": "Šaldyti maži čeburekai JUDEX su mėsos įdaru, 500 g",
    "price": "1.31",
    "price_2": "2,62€/kg",
    "extra_info": "–40%"
  },
  {
    "image_url": "https://cdn.barbora.lt/products/f1209bc7-ef03-4b7c-8a6c-429401f2c69b_m.png",
    "title": "Rausvoji silkių filė VIČI aliejuje, 240 g",
    "price": "1.99",
    "price_2": "8,29€/kg",
    "extra_info": "–26%"
  },
  {
    "image_url": "https://cdn.barbora.lt/products/7ae3b4de-68de-4ddd-a8ff-6a6f045bd1b2_m.png",
    "title": "Karštai rūkytos dešrelės KAI NORISI MĖSOS, a. r., 230 g",
    "price": "1.79",
    "price_2": "7,78€/kg",
    "extra_info": "–50%"
  },
  {
    "image_url": "https://cdn.barbora.lt/products/6447f1bd-ac1b-4c1b-ac4b-4e64267866fa_m.png",
    "title": "Bisk. batonėlis su pien. kakavos įdaru, juodojo šok. glaistu, 30 g",
    "price": "0.39",
    "price_2": null,
    "extra_info": "2 ar daugiau su –30%"
  },
  {
    "image_url": "https://cdn.barbora.lt/products/ae960e57-e826-4d0a-89b9-ec39f49ac9e6_m.png",
    "title": "Juodieji pipirai SANTA MARIA TELLICHERRY PEPPER malūnėlyje, 70 g",
    "price": "6.89",
    "price_2": null,
    "extra_info": "2 ar daugiau su –40%"
  },
  {
    "image_url": "https://cdn.barbora.lt/products/9671a74c-2494-4399-b048-90d607c1039d_m.png",
    "title": "Šaldytos garbanotosios bulvytės FARM FRITES CRINKLE, 750 g",
    "price": "2.99",
    "price_2": null,
    "extra_info": "2 ar daugiau su –30%"
  },
  {
    "image_url": "https://cdn.barbora.lt/products/bf0b8bc4-f026-437d-807d-d04c4dbd98d4_m.png",
    "title": "Sojos pupelės EPIC 400 g šald., 400 g",
    "price": "2.49",
    "price_2": null,
    "extra_info": "2 ar daugiau su –30%"
  },
  {
    "image_url": "https://cdn.barbora.lt/products/6d194a45-a844-459f-ae1b-1143dd76a3f7_m.png",
    "title": "Bananinis pieno gėrimas MIAU, 2,3 % rieb., steriziluotas, 450 ml",
    "price": "1.19",
    "price_2": "2,65€/l",
    "extra_info": "–32%"
  },
  {
    "image_url": "https://cdn.barbora.lt/products/0341412d-a1d1-4861-9491-27f1b7d8f641_m.png",
    "title": "Guminukai FINI FILLED BITES, 90 g",
    "price": "1.39",
    "price_2": null,
    "extra_info": "2 ar daugiau su –30%"
  },
  {
    "image_url": "https://cdn.barbora.lt/products/50d6006e-c438-4883-b695-d072eceb395b_m.png",
    "title": "Himalajų rožinė smulki druska WELL DONE, 500 g",
    "price": "0.85",
    "price_2": null,
    "extra_info": "2 ar daugiau su –40%"
  },
  {
    "image_url": "https://cdn.barbora.lt/products/2482c5f6-8a78-4b02-943e-410ab9221ddd_m.png",
    "title": "Baltyminiai putėsiai su avietėmis VALIO PROFEEL, 0,9 % rieb., 150 g",
    "price": "1.59",
    "price_2": "10,6€/kg",
    "extra_info": "–20%"
  },
  {
    "image_url": "https://cdn.barbora.lt/products/3ebd6611-e682-43fb-b4f4-96297eedf048_m.png",
    "title": "Traškūs krekeriai ELEPHANT su juod. ir balt. sezamų sėklomis, 180 g",
    "price": "1.99",
    "price_2": "11,06€/kg",
    "extra_info": "–23%"
  },
  {
    "image_url": "https://cdn.barbora.lt/products/5983e444-f6a8-4304-9b60-d060ded18650_m.png",
    "title": "Šokoladinis batonėlis SNICKERS SUPER +1, 112.5 g",
    "price": "1.99",
    "price_2": null,
    "extra_info": "2 ar daugiau su –30%"
  },
  {
    "image_url": "https://cdn.barbora.lt/products/7e063347-d59b-4a93-924f-0eb1c57182d1_m.png",
    "title": "Šokoladiniai batonėliai SNICKERS, 5 vnt., 250 g",
    "price": "4.59",
    "price_2": null,
    "extra_info": "2 ar daugiau su –30%"
  },
  {
    "image_url": "https://cdn.barbora.lt/products/00b3a910-41c2-4b2b-ba98-cfe0aa650ebd_m.png",
    "title": "Kūdikių indų ploviklis FROSCH BABY, 500 ml",
    "price": "1.79",
    "price_2": "3,58€/l",
    "extra_info": "–31%"
  },
  {
    "image_url": "https://cdn.barbora.lt/products/ba845641-231a-4db6-840b-431394a79085_m.png",
    "title": "Maltos mėsos prieskoniai SANTA MARIA, 30 g",
    "price": "0.99",
    "price_2": null,
    "extra_info": "2 ar daugiau su –40%"
  },
  {
    "image_url": "https://cdn.barbora.lt/products/1bb2ed1d-d5fe-437c-bed5-38ad557e70ae_m.png",
    "title": "Ekologiškas WC valiklis FROSCH WC GEL LAVENDER, 750 ml",
    "price": "1.79",
    "price_2": "2,38€/l",
    "extra_info": "–31%"
  },
  {
    "image_url": "https://cdn.barbora.lt/products/4f533977-2542-44fe-a622-fc88d90023e0_m.png",
    "title": "Pieninis šokoladas MILKA, 250 g",
    "price": "6.29",
    "price_2": null,
    "extra_info": "2 ar daugiau su –30%"
  },
  {
    "image_url": "https://cdn.barbora.lt/products/cc2024bd-70fc-469b-a2fd-c825775dd592_m.png",
    "title": "Įvairių vaisių tyrė SEMPER, nuo 6 mėn., 90 g",
    "price": "0.95",
    "price_2": "10,56€/kg",
    "extra_info": "–40%"
  },
  {
    "image_url": "https://cdn.barbora.lt/products/3bd280e6-fe55-4853-a63c-9bb164e083b3_m.png",
    "title": "Šaldyti virtų bulvių cepelinai JUDEX su mėsos įdaru, 400 g",
    "price": "0.83",
    "price_2": "2,08€/kg",
    "extra_info": "–40%"
  },
  {
    "image_url": "https://cdn.barbora.lt/products/9fe2a69c-3539-4741-94d5-af75c6a4f25b_m.png",
    "title": "Vafliniai batonėliai KINDER BUENO, 3 vnt., 129 g",
    "price": "3.39",
    "price_2": null,
    "extra_info": "2 ar daugiau su –30%"
  },
  {
    "image_url": "https://cdn.barbora.lt/products/6638071a-fff2-48ae-8651-690735fd248d_m.png",
    "title": "Kepimo milteliai SAUDA, 100 g",
    "price": "0.65",
    "price_2": null,
    "extra_info": "2 ar daugiau su –40%"
  },
  {
    "image_url": "https://cdn.barbora.lt/products/0c03a1db-a103-4efe-8b03-226ea0c5acb3_m.png",
    "title": "Ekologiška įvarių vaisių tyrelė MARMALUZI (nuo 4 mėn.), 90 g",
    "price": "0.99",
    "price_2": "11€/kg",
    "extra_info": "–34%"
  },
  {
    "image_url": "https://cdn.barbora.lt/products/8d87ba5f-dce1-462f-9c65-8a11c8d9de49_m.png",
    "title": "Drėgnos servetėlės BLOOM, ramun.,60vnt.",
    "price": "0.99",
    "price_2": "0,01€/vnt.",
    "extra_info": "–50%"
  },
  {
    "image_url": "https://cdn.barbora.lt/products/5748a42a-6ffb-45fa-8c2e-3638fa8ba304_m.png",
    "title": "Vištienos prieskoniai SALDVA, 30 g",
    "price": "0.69",
    "price_2": null,
    "extra_info": "2 ar daugiau su –40%"
  },
  {
    "image_url": "https://cdn.barbora.lt/products/3382109b-2873-46a6-849f-5ba58c8a0888_m.png",
    "title": "Raudonėliai SANTA MARIA, 5 g",
    "price": "1.59",
    "price_2": null,
    "extra_info": "2 ar daugiau su –40%"
  },
  {
    "image_url": "https://cdn.barbora.lt/products/50ab9138-c7a8-4b5c-8b6a-f43a1898591c_m.png",
    "title": "Tualetinis popierius BLOOM COMFORT SOFT ORANGE, 3 sluoksnių, 4 vnt.",
    "price": "1.35",
    "price_2": null,
    "extra_info": "2 ar daugiau su –40%"
  },
  {
    "image_url": "https://cdn.barbora.lt/products/5fadea67-f1af-4ce6-b8c4-98fa1eab6463_m.png",
    "title": "Šaldytos traškios gzuzdintos bulvytės ZIGZAG AVIKO, 750 g",
    "price": "3.69",
    "price_2": null,
    "extra_info": "2 ar daugiau su –30%"
  },
  {
    "image_url": "https://cdn.barbora.lt/products/05fe00b4-cf17-4db9-bfd2-7e6333923dff_m.png",
    "title": "Troškinių prieskoniai SANTA MARIA, 40 g",
    "price": "1.09",
    "price_2": null,
    "extra_info": "2 ar daugiau su –40%"
  },
  {
    "image_url": "https://cdn.barbora.lt/products/4a338d43-a266-429b-8674-6117bb136974_m.png",
    "title": "Kriaušių, slyvų, juodųjų serbentų EKOtyrelė HIPP nuo 6 mėn., 100 g",
    "price": "1.25",
    "price_2": "12,5€/kg",
    "extra_info": "–30%"
  },
  {
    "image_url": "https://cdn.barbora.lt/products/cb9a9740-795e-4d16-b926-f8e93c41c448_m.png",
    "title": "Malti juodieji pipirai SANTA MARIA, 36 g",
    "price": "2.79",
    "price_2": null,
    "extra_info": "2 ar daugiau su –40%"
  },
  {
    "image_url": "https://cdn.barbora.lt/products/a47f5753-94af-4bfc-968c-9e9f8f4cc240_m.png",
    "title": "Riebi silkių filė aliejuje VIČI, 400 g",
    "price": "2.99",
    "price_2": "7,48€/kg",
    "extra_info": "–25%"
  },
  {
    "image_url": "https://cdn.barbora.lt/products/2a85fe1f-1cd1-4c10-8387-c69ba36aa247_m.png",
    "title": "Ruošinys MAGGI IDEA vištienai (grietinėlės ir žolelių padaže, 30 g",
    "price": "0.59",
    "price_2": "19,67€/kg",
    "extra_info": "–40%"
  },
  {
    "image_url": "https://cdn.barbora.lt/products/27a5d41c-2e9b-448c-b2a3-5e20aca03018_m.png",
    "title": "Ekologiška MAMUKO avižų ir kukurūzų košė, nuo 6 mėn., 240 g",
    "price": "3.25",
    "price_2": "13,54€/kg",
    "extra_info": "–31%"
  },
  {
    "image_url": "https://cdn.barbora.lt/products/dbea4b83-3587-47f3-b069-2908eaf8e928_m.png",
    "title": "Ekol.bananų,vyšnių sulčių batonėlis HIPP su jogurtu, nuo 1m., 23 g",
    "price": "1.25",
    "price_2": "54,35€/kg",
    "extra_info": "–30%"
  },
  {
    "image_url": "https://cdn.barbora.lt/products/f6d2ce59-5c03-4f2f-85ab-0270ba91531d_m.png",
    "title": "Petražolės vazonėlyje, 1 vnt.",
    "price": "1.99",
    "price_2": null,
    "extra_info": "2 ar daugiau su –40%"
  },
  {
    "image_url": "https://cdn.barbora.lt/products/2c582cd3-c003-4222-acee-1fdcadf4313c_m.png",
    "title": "Ekologiškas skystasis skalbiklis FROSCH BABY vaikų rūbeliams, 1.5 l",
    "price": "6.15",
    "price_2": "4,1€/l",
    "extra_info": "–30%"
  },
  {
    "image_url": "https://cdn.barbora.lt/products/8fad60f0-9dcd-4397-8fe0-68957f489f96_m.png",
    "title": "Ekologiškos sūrio lazdelės MIAU, 40 % rieb. s. m., 180 g",
    "price": "2.89",
    "price_2": "16,06€/kg",
    "extra_info": "–22%"
  },
  {
    "image_url": "https://cdn.barbora.lt/products/7c7563dc-cc1f-4918-bbc0-f8e7703001f5_m.png",
    "title": "Obuolių, persikų ir bananų tyrelė HIPP su sausain.(12+ mėn.), 100 g",
    "price": "1.25",
    "price_2": "12,5€/kg",
    "extra_info": "–30%"
  },
  {
    "image_url": "https://cdn.barbora.lt/products/f05e2d35-211a-4cef-81cc-4d0008b1c8c6_m.png",
    "title": "Saldainiai PERGALĖ CHERRY, 170 g",
    "price": "3.49",
    "price_2": null,
    "extra_info": "2 ar daugiau su –30%"
  },
  {
    "image_url": "https://cdn.barbora.lt/products/2b3238c5-a777-493b-b4a9-8cd525bbd0ba_m.png",
    "title": "Muskatai SANTA MARIA, 10 g",
    "price": "1.69",
    "price_2": null,
    "extra_info": "2 ar daugiau su –40%"
  },
  {
    "image_url": "https://cdn.barbora.lt/products/1f736147-b2ed-44de-b712-e14c1568b0ee_m.png",
    "title": "Trispalvis perlinis kuskusas ASIF, 500 g",
    "price": "1.89",
    "price_2": "3,78€/kg",
    "extra_info": "–35%"
  },
  {
    "image_url": "https://cdn.barbora.lt/products/89b80af0-8408-46a8-bb43-1cfbf299449b_m.png",
    "title": "Sausainiai OREO MINI ORIGINAL, 160 g",
    "price": "1.79",
    "price_2": "11,19€/kg",
    "extra_info": "–40%"
  },
  {
    "image_url": "https://cdn.barbora.lt/products/1cb8732c-da5a-4881-b66f-177e887a63f8_m.png",
    "title": "Žuvies prieskoniai su krapais, 25 g",
    "price": "0.99",
    "price_2": null,
    "extra_info": "2 ar daugiau su –40%"
  },
  {
    "image_url": "https://cdn.barbora.lt/products/929b8a40-9a8e-4998-a7d1-b4dcceacf41d_m.png",
    "title": "Mėsos prieskoniai SANTA MARIA, 290 g",
    "price": "5.49",
    "price_2": null,
    "extra_info": "2 ar daugiau su –40%"
  },
  {
    "image_url": "https://cdn.barbora.lt/products/e5049f2f-b8a0-4617-a7f9-24fcfc5ba7b5_m.png",
    "title": "Sausos mielės, EXTRA LINE, 11 g",
    "price": "0.15",
    "price_2": null,
    "extra_info": "2 ar daugiau su –40%"
  },
  {
    "image_url": "https://cdn.barbora.lt/products/7f4d80c8-f0ff-48cd-8e0b-58b1f2d435d6_m.png",
    "title": "Juodasis šokoladas (70 %) LINDT EXCELLENCE, 100 g",
    "price": "5.49",
    "price_2": null,
    "extra_info": "2 ar daugiau su –30%"
  },
  {
    "image_url": "https://cdn.barbora.lt/products/89ad96fd-d0dc-4167-8963-8b3ad9e6015f_m.png",
    "title": "Popieriniai rankšluosčiai GRITE FAMILY XL (2 sluoksnių), 1 vnt.",
    "price": "2.69",
    "price_2": null,
    "extra_info": "2 ar daugiau su –40%"
  },
  {
    "image_url": "https://cdn.barbora.lt/products/9b21a9c3-d447-4cf3-acb7-d4c6b3445777_m.png",
    "title": "Skalbiamieji lapeliai DR. BECKMANN, 40 vnt.",
    "price": "4.49",
    "price_2": "0,11€/vnt.",
    "extra_info": "–31%"
  },
  {
    "image_url": "https://cdn.barbora.lt/products/71d65048-ecf5-4255-b681-6a260217ddca_m.png",
    "title": "Penkių rūšių pipirų mišinys SANTA MARIA, 25 g",
    "price": "1.69",
    "price_2": null,
    "extra_info": "2 ar daugiau su –40%"
  },
  {
    "image_url": "https://cdn.barbora.lt/products/3afc8905-c8f8-4088-a08b-ab92bc1d03c4_m.png",
    "title": "Želatina SANTA MARIA, 25 g",
    "price": "1.39",
    "price_2": null,
    "extra_info": "2 ar daugiau su –40%"
  },
  {
    "image_url": "https://cdn.barbora.lt/products/57989320-f378-4bf2-9560-2cafee23e2fd_m.png",
    "title": "Daržovių sultinys MAGGI, 12 x 10 g, 120 g",
    "price": "0.71",
    "price_2": "5,92€/kg",
    "extra_info": "–40%"
  },
  {
    "image_url": "https://cdn.barbora.lt/products/05d048db-57d0-44fc-8cfd-f228c43c3848_m.png",
    "title": "Juodasis šokoladas (85 %) LINDT EXCELLENCE, 100 g",
    "price": "5.49",
    "price_2": null,
    "extra_info": "2 ar daugiau su –30%"
  },
  {
    "image_url": "https://cdn.barbora.lt/products/6ee0236b-2b56-42a9-9604-19e6751c02d4_m.png",
    "title": "Karštai rūkytos SAMSONO MEDŽIOTOJŲ dešrelės, a. r., 200 g",
    "price": "1.99",
    "price_2": "9,95€/kg",
    "extra_info": "–45%"
  },
  {
    "image_url": "https://cdn.barbora.lt/products/fd87dd09-268d-437d-8162-9202d081dadc_m.png",
    "title": "Makaronai MACCHERONI LAMOLISANA Nr. 37, 500 g",
    "price": "1.07",
    "price_2": "2,14€/kg",
    "extra_info": "–40%"
  },
  {
    "image_url": "https://cdn.barbora.lt/products/1df8770c-cc1e-4b52-8c15-20660f923d7b_m.png",
    "title": "Lašišinių žuvų kuprių ikrai WELL DONE, 100 g",
    "price": "5.99",
    "price_2": "59,9€/kg",
    "extra_info": "–40%"
  },
  {
    "image_url": "https://cdn.barbora.lt/products/a3090d23-51b4-4e4b-937d-61f10d10fdd2_m.png",
    "title": "Šaldyti bulvių laiveliai WERNSING, 600 g",
    "price": "3.29",
    "price_2": null,
    "extra_info": "2 ar daugiau su –30%"
  },
  {
    "image_url": "https://cdn.barbora.lt/products/e71adfc7-ccef-4216-8153-a8fed468b963_m.png",
    "title": "Mini bandelės su karamelės įdaru, 220 g",
    "price": "1.89",
    "price_2": "8,59€/kg",
    "extra_info": "–21%"
  },
  {
    "image_url": "https://cdn.barbora.lt/products/5be84450-8657-4061-97cd-34058bef2a4d_m.png",
    "title": "Juodųjų serbentų vaisinės juostelės VERI BERI, 50 g",
    "price": "1.49",
    "price_2": null,
    "extra_info": "2 ar daugiau su –30%"
  },
  {
    "image_url": "https://cdn.barbora.lt/products/78e6e845-a049-4f4e-b426-eacbd6c45288_m.png",
    "title": "Ekol. jogurtas su abrikosais ir braškėmis AUGA, 3,5 % rieb., 350 g",
    "price": "1.59",
    "price_2": "4,55€/kg",
    "extra_info": "–20%"
  },
  {
    "image_url": "https://cdn.barbora.lt/products/699c12b4-959f-4b40-9683-cc9d35743b3d_m.png",
    "title": "Akmens druska, EXTRA LINE, 1kg, 1 kg",
    "price": "0.39",
    "price_2": null,
    "extra_info": "2 ar daugiau su –40%"
  },
  {
    "image_url": "https://cdn.barbora.lt/products/ec4ec932-6790-465e-99b6-ccec98860a07_m.png",
    "title": "Vienkartinės nosinaitės ZEWA SOFTIS SENSITIVE, 80 vnt.",
    "price": "2.89",
    "price_2": null,
    "extra_info": "2 ar daugiau su –40%"
  },
  {
    "image_url": "https://cdn.barbora.lt/products/6aa14822-e9f2-481e-ba0e-79f24aae14f3_m.png",
    "title": "Kačių skanėstas DREAMIES su katžole, 60 g",
    "price": "1.95",
    "price_2": null,
    "extra_info": "2 už 1 kainą"
  },
  {
    "image_url": "https://cdn.barbora.lt/products/86c79139-9643-4267-a134-60c545fcdde0_m.png",
    "title": "Šaltai rūkyta KERMOŠIAUS nugarinė, a. r., 1 kg",
    "price": "11.99",
    "price_2": "11,99€/kg",
    "extra_info": "–14%"
  },
  {
    "image_url": "https://cdn.barbora.lt/products/b8c62035-e4db-405b-ad8d-9805dbaf2ea3_m.png",
    "title": "Ruošinys MAGGI IDEA vištienai sūrio padaže, 32 g",
    "price": "0.59",
    "price_2": "18,44€/kg",
    "extra_info": "–40%"
  },
  {
    "image_url": "https://cdn.barbora.lt/products/369935e1-6e04-493a-b06b-c7cabe049329_m.png",
    "title": "Šaldytų daržovių mišinys BONDUELLE VAPEUR ROYAL, 400 g",
    "price": "2.45",
    "price_2": null,
    "extra_info": "2 ar daugiau su –30%"
  },
  {
    "image_url": "https://cdn.barbora.lt/products/b7e84e15-e968-4f90-9b95-f4c054ea4343_m.png",
    "title": "Tirpioji sūrio sriuba MAGGI 5 MINUTES su skrebučiais, 19 g",
    "price": "0.35",
    "price_2": "18,42€/kg",
    "extra_info": "–41%"
  },
  {
    "image_url": "https://cdn.barbora.lt/products/885fa46a-2a32-4c1d-a735-87071a021257_m.png",
    "title": "Kajeno paprikos SANTA MARIA, 30 g",
    "price": "1.69",
    "price_2": null,
    "extra_info": "2 ar daugiau su –40%"
  },
  {
    "image_url": "https://cdn.barbora.lt/products/9e81874e-fbde-4a3f-8d66-796bf77b68b2_m.png",
    "title": "Maltos ciberžolės SANTA MARIA, 20 g",
    "price": "0.99",
    "price_2": null,
    "extra_info": "2 ar daugiau su –40%"
  },
  {
    "image_url": "https://cdn.barbora.lt/products/6b693bf2-b962-4168-b838-a90eebc519bc_m.png",
    "title": "Vaflinis batonėlis PRINCE POLO, kokosų skonio, 45 g",
    "price": "0.79",
    "price_2": null,
    "extra_info": "2 ar daugiau su –30%"
  },
  {
    "image_url": "https://cdn.barbora.lt/products/0a39bb96-075a-4404-a99b-e04cb50f53f4_m.png",
    "title": "Vanilės skonio šokoladiniai saldainiai MILKA ALPINE MILK, 330 g",
    "price": "5.99",
    "price_2": null,
    "extra_info": "2 ar daugiau su –30%"
  },
  {
    "image_url": "https://cdn.barbora.lt/products/5967b719-2505-403a-85f2-09b76c7996f4_m.png",
    "title": "Popieriniai rankšluosčiai GRITE ORCHIDEA (3 sluoksnių), 1 vnt.",
    "price": "3.69",
    "price_2": null,
    "extra_info": "2 ar daugiau su –40%"
  },
  {
    "image_url": "https://cdn.barbora.lt/products/ba57afc8-374d-44d0-86a1-5649f48afa44_m.png",
    "title": "Šlapias tualetinis popierius ZEWA KIDS, 42 vnt.",
    "price": "1.79",
    "price_2": "0,04€/vnt.",
    "extra_info": "–50%"
  },
  {
    "image_url": "https://cdn.barbora.lt/products/4a171d14-22eb-4d2d-a4ae-f881050fadaf_m.png",
    "title": "Kreminis jogurtas FANTASIA MARS, 12,5 % rieb., 104 g",
    "price": "1.29",
    "price_2": null,
    "extra_info": "3 už 2,39€"
  },
  {
    "image_url": "https://cdn.barbora.lt/products/b74340c8-9154-4ad7-bf6c-0a725c8a3185_m.png",
    "title": "Guminukai FINI JELLY WORMS, 90 g",
    "price": "1.39",
    "price_2": null,
    "extra_info": "2 ar daugiau su –30%"
  },
  {
    "image_url": "https://cdn.barbora.lt/products/e4ca1bd6-f752-4f93-9159-0ca248b2020b_m.png",
    "title": "Makaronų asorti LA MOLISANA PASTA FANTASIA Nr. 72, 500 g",
    "price": "1.07",
    "price_2": "2,14€/kg",
    "extra_info": "–40%"
  },
  {
    "image_url": "https://cdn.barbora.lt/products/15052d5f-836b-4e1d-a988-855ada6cfc33_m.png",
    "title": "Bandelė su aviečių ir mėlynių įdaru, 100 g",
    "price": "1.19",
    "price_2": "11,9€/kg",
    "extra_info": "–20%"
  },
  {
    "image_url": "https://cdn.barbora.lt/products/cfc1a40c-f0ac-46d0-82b6-e6f4f669285b_m.png",
    "title": "Juodieji pipirai žirneliais SAUDA, 100 g",
    "price": "2.29",
    "price_2": null,
    "extra_info": "2 ar daugiau su –40%"
  },
  {
    "image_url": "https://cdn.barbora.lt/products/cc4c9da8-157e-48a9-99b7-771499cd05cb_m.png",
    "title": "Kačių skanėstas DREAMIES su vištiena, 60 g",
    "price": "1.95",
    "price_2": null,
    "extra_info": "2 už 1 kainą"
  },
  {
    "image_url": "https://cdn.barbora.lt/products/ef5dddeb-0c2a-42d0-a971-a15056162b98_m.png",
    "title": "Tualetinis popierius BLOOM COMFORT SOFT ECOLOGICAL, 3 sl., 4 vnt.",
    "price": "0.99",
    "price_2": null,
    "extra_info": "2 ar daugiau su –40%"
  },
  {
    "image_url": "https://cdn.barbora.lt/products/cd8b52a8-c192-4ead-9bc0-ff896ec9a17b_m.png",
    "title": "Ekologiškas universalusis valiklis FROSCH SODA su soda, 500 ml",
    "price": "2.55",
    "price_2": "5,1€/l",
    "extra_info": "–31%"
  },
  {
    "image_url": "https://cdn.barbora.lt/products/0412a0f3-bd8d-40dd-8474-d918dd232dac_m.png",
    "title": "Ekologiškos MAMUKO avižų kruopytės (nuo 4 mėn.), 240 g",
    "price": "3.25",
    "price_2": "13,54€/kg",
    "extra_info": "–31%"
  },
  {
    "image_url": "https://cdn.barbora.lt/products/44a5c942-53ce-4fed-993b-36fda4c1b124_m.png",
    "title": "Virta SAMSONIUKŲ dešra, a. r., 160 g",
    "price": "1.05",
    "price_2": "6,56€/kg",
    "extra_info": "–41%"
  },
  {
    "image_url": "https://cdn.barbora.lt/products/2957934c-e40f-4c37-b556-cb1359369530_m.png",
    "title": "Guminukai HARIBO ROULETTE, 25 g",
    "price": "0.59",
    "price_2": null,
    "extra_info": "2 ar daugiau su –30%"
  },
  {
    "image_url": "https://cdn.barbora.lt/products/61f89b3b-de36-43a0-a013-902db7f5f94f_m.png",
    "title": "Antialerginis kūdikių skalbinių minkštiklis FROSCH BABY, 750 ml",
    "price": "1.85",
    "price_2": "2,47€/l",
    "extra_info": "–31%"
  },
  {
    "image_url": "https://cdn.barbora.lt/products/de247d28-8d51-4026-af65-c92d32c71f95_m.png",
    "title": "Joduotoji druska SALT HILL (garinta), 1 kg",
    "price": "0.49",
    "price_2": "0,49€/kg",
    "extra_info": "–25%"
  },
  {
    "image_url": "https://cdn.barbora.lt/products/0bdc79f6-c93c-4cc3-9637-e22d7b33c1e1_m.png",
    "title": "LUKŠIŲ rūkytas varškės sūris su česnakais, 22 % rieb. s. m., 230 g",
    "price": "2.99",
    "price_2": "13€/kg",
    "extra_info": "–33%"
  },
  {
    "image_url": "https://cdn.barbora.lt/products/8b8d5f7b-baa5-4366-9f0e-e98a12019793_m.png",
    "title": "Jogurtas BIFI, kavos skonio su granola, 6,3 % rieb., 200 g",
    "price": "1.09",
    "price_2": "5,45€/kg",
    "extra_info": "–25%"
  },
  {
    "image_url": "https://cdn.barbora.lt/products/f48e0a3a-6d9d-4802-a3fb-33a78e650b8e_m.png",
    "title": "Atšildyti didieji jūriniai ešeriai (lot. Sebastes marinus), 1 kg",
    "price": "6.99",
    "price_2": "6,99€/kg",
    "extra_info": "–30%"
  },
  {
    "image_url": "https://cdn.barbora.lt/products/12b6a70a-f63e-4b11-85b3-6eeb060d275a_m.png",
    "title": "Ekol. persikų, bananų ir mangų tyrelė HIPP su jogurtu (6+), 100 g",
    "price": "1.25",
    "price_2": "12,5€/kg",
    "extra_info": "–30%"
  },
  {
    "image_url": "https://cdn.barbora.lt/products/dd9f6ec0-ccb6-4357-a66a-4116047ace31_m.png",
    "title": "Trikampiai kukurūzų trapučiai SAULĖS GRŪDAS, BBQ skonio, 60 g",
    "price": "1.25",
    "price_2": null,
    "extra_info": "2 už 1,89€"
  },
  {
    "image_url": "https://cdn.barbora.lt/products/bd7625ef-5b27-48bb-831c-6c67edc3ee89_m.png",
    "title": "Spraginamieji kukurūzai MOGYI, 200 g",
    "price": "0.89",
    "price_2": "4,45€/kg",
    "extra_info": "–29%"
  },
  {
    "image_url": "https://cdn.barbora.lt/products/fadef566-55a6-4eab-ac60-0d32198d8013_m.png",
    "title": "Maltos kalendros SALDVA, 25 g",
    "price": "0.65",
    "price_2": null,
    "extra_info": "2 ar daugiau su –40%"
  },
  {
    "image_url": "https://cdn.barbora.lt/products/a77b22e8-3379-490e-b39e-2e27a3f6328d_m.png",
    "title": "Šokolado rutuliukų rinkinys LINDT LINDOR, 200 g",
    "price": "10.19",
    "price_2": null,
    "extra_info": "2 ar daugiau su –30%"
  },
  {
    "image_url": "https://cdn.barbora.lt/products/fcd41f1b-b3b1-4cf2-badb-34731687d89d_m.png",
    "title": "Ekologiškas agavų sirupas AMRITA, 250 ml",
    "price": "3.49",
    "price_2": "13,96€/l",
    "extra_info": "–38%"
  },
  {
    "image_url": "https://cdn.barbora.lt/products/1d502064-f0a4-450b-bcb0-7debe27526c0_m.png",
    "title": "Ekologiška MAMUKO avižų košė su vaisiais nuo 4 mėn., 100 g",
    "price": "1.25",
    "price_2": "12,5€/kg",
    "extra_info": "–30%"
  },
  {
    "image_url": "https://cdn.barbora.lt/products/dc4d3a7f-7235-4098-9b47-73e3335aa855_m.png",
    "title": "Universalusis valiklis FROSCH, 500 ml",
    "price": "2.09",
    "price_2": "4,18€/l",
    "extra_info": "–30%"
  },
  {
    "image_url": "https://cdn.barbora.lt/products/ca9d7f24-8408-4f74-aba4-ce0bf74d5745_m.png",
    "title": "Ekologiški aviečių skonio ryžių paplotėliai HIPP nuo 8 mėn., 30 g",
    "price": "1.69",
    "price_2": "56,33€/kg",
    "extra_info": "–32%"
  },
  {
    "image_url": "https://cdn.barbora.lt/products/886825a8-fbce-4c55-b85c-09f2d1bcaef0_m.png",
    "title": "Ekologiška kriaušių, slyvų tyrelė RŪDOLFS, 4+ mėn., 110 g",
    "price": "1.25",
    "price_2": "11,36€/kg",
    "extra_info": "–30%"
  },
  {
    "image_url": "https://cdn.barbora.lt/products/f14718a2-a043-4889-b336-258206f2045f_m.png",
    "title": "Sauskelnės-kelnaitės PEPPINS UP & PLAY 6 (15+ kg), 18 vnt.",
    "price": "3.59",
    "price_2": "0,2€/vnt.",
    "extra_info": "–31%"
  },
  {
    "image_url": "https://cdn.barbora.lt/products/bd523b48-be55-4351-8792-7c499bc9ff78_m.png",
    "title": "Rūkyta vištienos krūtinėlės su oda, I r., 1 kg",
    "price": "7.65",
    "price_2": "7,65€/kg",
    "extra_info": "–20%"
  },
  {
    "image_url": "https://cdn.barbora.lt/products/451f03dc-46e8-4877-8a1c-b4713b7fa85d_m.png",
    "title": "Skalbiamasis gelis PERSIL COLOR, 44 skalb., 1.98 l",
    "price": "9.59",
    "price_2": "4,85€/l",
    "extra_info": "–40%"
  },
  {
    "image_url": "https://cdn.barbora.lt/products/a8c1081f-f9cc-4d46-909c-692106080725_m.png",
    "title": "Šveln.čeder.sūris WELL DONE 52%riek,150g, 150 g",
    "price": "1.79",
    "price_2": "11,94€/kg",
    "extra_info": "–22%"
  },
  {
    "image_url": "https://cdn.barbora.lt/products/7c7c1514-456d-49e5-bcb5-7025c9398e20_m.png",
    "title": "Šokoladinis batonėlis MANIJA su žemės riešutais, 49 g",
    "price": "0.89",
    "price_2": null,
    "extra_info": "2 už 1,19€"
  },
  {
    "image_url": "https://cdn.barbora.lt/products/17b1691c-2074-40a9-86f1-b220c3137438_m.png",
    "title": "Vaflinis batonėlis KIT KAT, 41.5 g",
    "price": "1.19",
    "price_2": null,
    "extra_info": "2 ar daugiau su –30%"
  },
  {
    "image_url": "https://cdn.barbora.lt/products/d0ecf1b6-a3c8-4220-92db-8234785f0b8f_m.png",
    "title": "Malti kardamonai SANTA MARIA, 35 g",
    "price": "5.19",
    "price_2": null,
    "extra_info": "2 ar daugiau su –40%"
  },
  {
    "image_url": "https://cdn.barbora.lt/products/daf5d906-a49f-4325-8886-29b83639ea00_m.png",
    "title": "Popieriniai rankšluosčiai GRITE ECOLOGICAL, 150 vnt.",
    "price": "2.19",
    "price_2": null,
    "extra_info": "2 ar daugiau su –40%"
  },
  {
    "image_url": "https://cdn.barbora.lt/products/563da169-6371-4e94-9a66-383cdf761ae5_m.png",
    "title": "Juodotoji valgomoji akmens druska SALT HILL, 1 kg",
    "price": "0.49",
    "price_2": "0,49€/kg",
    "extra_info": "–29%"
  },
  {
    "image_url": "https://cdn.barbora.lt/products/b21b836e-10c4-4762-b25c-a042da129ff0_m.png",
    "title": "Saldus aitriųjų paprikų marinatas SANTA MARIA, 75 g",
    "price": "0.95",
    "price_2": null,
    "extra_info": "2 ar daugiau su –40%"
  },
  {
    "image_url": "https://cdn.barbora.lt/products/9fdd176e-30fe-4923-8801-7c563879faa9_m.png",
    "title": "Kukurūzų užkandis CHEETOS, sūrio skonio, 165 g",
    "price": "1.29",
    "price_2": "7,82€/kg",
    "extra_info": "–50%"
  },
  {
    "image_url": "https://cdn.barbora.lt/products/28399d81-0f10-4ab2-81ac-c18fbf191f36_m.png",
    "title": "Kvapieji pipirai SANTA MARIA (žirneliai), 15 g",
    "price": "1.39",
    "price_2": null,
    "extra_info": "2 ar daugiau su –40%"
  },
  {
    "image_url": "https://cdn.barbora.lt/products/377e6511-7ce9-48b7-9c78-d4818f5efcf9_m.png",
    "title": "Namų kvapas su lazdelėmis AREON BLACK VANILLA, 85 ml",
    "price": "9.99",
    "price_2": null,
    "extra_info": "2 ar daugiau su –40%"
  },
  {
    "image_url": "https://cdn.barbora.lt/products/c484e74b-0701-4f31-ad30-471bff809317_m.png",
    "title": "Daržovių sultinys MAGGI, 160 g, 160 g",
    "price": "1.19",
    "price_2": "7,44€/kg",
    "extra_info": "–40%"
  },
  {
    "image_url": "https://cdn.barbora.lt/products/6824d123-d478-4c07-9c4d-c7ae88703e14_m.png",
    "title": "Marinuotos Chalapos paprikos SPILVA (griežinėliai), 340 g",
    "price": "1.67",
    "price_2": "4,91€/kg",
    "extra_info": "–40%"
  },
  {
    "image_url": "https://cdn.barbora.lt/products/6c7a32d5-54f1-4a07-b98f-2a690f762873_m.png",
    "title": "Ekologiški kūdikių sausainiai HIPP, nuo 6 mėn., 180 g, 180 g",
    "price": "2.79",
    "price_2": "15,5€/kg",
    "extra_info": "–31%"
  },
  {
    "image_url": "https://cdn.barbora.lt/products/83a412b3-457e-47dc-a7eb-6ddc5262e4bf_m.png",
    "title": "Vienkartinės nosinaitės BLOOM COMFORT 3 sl, 10 pak. x 10 vnt.",
    "price": "1.25",
    "price_2": null,
    "extra_info": "2 ar daugiau su –40%"
  },
  {
    "image_url": "https://cdn.barbora.lt/products/4b215f7f-9ecf-425c-8595-9a25b58f8914_m.png",
    "title": "Pieninis šokoladas MILKA OREO STRAWBERRY, 92 g",
    "price": "2.59",
    "price_2": null,
    "extra_info": "2 ar daugiau su –30%"
  },
  {
    "image_url": "https://cdn.barbora.lt/products/a71a13f4-534d-4137-b3d7-0d978ba2cf3b_m.png",
    "title": "Česnakinė druska SANTA MARIA, 40 g",
    "price": "0.99",
    "price_2": null,
    "extra_info": "2 ar daugiau su –40%"
  },
  {
    "image_url": "https://cdn.barbora.lt/products/3b61b637-c7e1-46a7-b9d9-20e9d0666dee_m.png",
    "title": "Ekologiška slyvų tyrelė HIPP, nuo 4 mėn., 125 g",
    "price": "1.25",
    "price_2": "10€/kg",
    "extra_info": "–30%"
  },
  {
    "image_url": "https://cdn.barbora.lt/products/fab3b27c-84c0-4b03-ac5c-919f5529ea4c_m.png",
    "title": "Šokoladinis batonėlis TWIX, 50 g",
    "price": "1.09",
    "price_2": null,
    "extra_info": "2 ar daugiau su –30%"
  },
  {
    "image_url": "https://cdn.barbora.lt/products/beba1b6b-3803-439a-899f-cb6fe77fa31f_m.png",
    "title": "Pieninis šokoladas MIO DELIZZI, 100 g",
    "price": "0.99",
    "price_2": null,
    "extra_info": "2 ar daugiau su –30%"
  },
  {
    "image_url": "https://cdn.barbora.lt/products/6c0bb42e-c3e9-4da2-bf37-e61b4ffe1bc0_m.png",
    "title": "Ekologiška obuolių ir kriaušių tyrelė MARMALUZI (nuo 4 mėn.), 90 g",
    "price": "0.99",
    "price_2": "11€/kg",
    "extra_info": "–34%"
  },
  {
    "image_url": "https://cdn.barbora.lt/products/5481462a-5b5e-48f3-b976-baedc58f746b_m.png",
    "title": "Brandinti jautienos maltiniai GRYNUOLIAI, 220 g",
    "price": "2.99",
    "price_2": "13,59€/kg",
    "extra_info": "–19%"
  },
  {
    "image_url": "https://cdn.barbora.lt/products/80e87e41-4a8a-47eb-b018-3f89dc86da38_m.png",
    "title": "Kmynai SANTA MARIA, 20 g",
    "price": "0.99",
    "price_2": null,
    "extra_info": "2 ar daugiau su –40%"
  },
  {
    "image_url": "https://cdn.barbora.lt/products/325501c4-12fd-4085-8565-39078250bcd1_m.png",
    "title": "Visų grūdo dalių ruginė duona JONĖ be pridėtinių mielių, 340 g",
    "price": "1.35",
    "price_2": "3,97€/kg",
    "extra_info": "–18%"
  },
  {
    "image_url": "https://cdn.barbora.lt/products/357edf77-277d-4814-94d3-91d67a580498_m.png",
    "title": "Vienkartinės popierinės nosinaitės BLOOM, 3 sluoksnių, 60 vnt.",
    "price": "1.09",
    "price_2": null,
    "extra_info": "2 ar daugiau su –40%"
  },
  {
    "image_url": "https://cdn.barbora.lt/products/4ac89d16-8e38-4793-8b14-e0d58f368dfb_m.png",
    "title": "Kosmetinės servetėlės GRITE BLOSSOM (2 sluoksnių), 80 vnt.",
    "price": "1.39",
    "price_2": null,
    "extra_info": "2 ar daugiau su –40%"
  },
  {
    "image_url": "https://cdn.barbora.lt/products/d4216f45-da56-4ecc-86d9-a51b9f4553ed_m.png",
    "title": "Malti juodieji pipirai SALDVA, 25 g",
    "price": "1.39",
    "price_2": null,
    "extra_info": "2 ar daugiau su –40%"
  },
  {
    "image_url": "https://cdn.barbora.lt/products/f3da53b0-9fc4-40c7-b7e0-3c69be044ef4_m.png",
    "title": "Šokoladinis batonėlis SNICKERS, 50 g",
    "price": "1.09",
    "price_2": null,
    "extra_info": "2 ar daugiau su –30%"
  },
  {
    "image_url": "https://cdn.barbora.lt/products/bb815f90-b9fa-4d54-bd26-c26ec509f3ff_m.png",
    "title": "Bazilikai SANTA MARIA, 12 g",
    "price": "1.49",
    "price_2": null,
    "extra_info": "2 ar daugiau su –40%"
  },
  {
    "image_url": "https://cdn.barbora.lt/products/cac2d0d6-f8b1-4b26-a968-23a2104387d4_m.png",
    "title": "Trinta pomidorų sriuba ACTIVUS EKO, 400 g",
    "price": "1.31",
    "price_2": "3,28€/kg",
    "extra_info": "–40%"
  },
  {
    "image_url": "https://cdn.barbora.lt/products/7aaf48ad-6f58-42ea-b16e-aeb7a13b46c8_m.png",
    "title": "Pieninis šokoladas su smulkintais lazdynų riešutais MILKA, 90 g",
    "price": "2.59",
    "price_2": null,
    "extra_info": "2 ar daugiau su –30%"
  },
  {
    "image_url": "https://cdn.barbora.lt/products/436948b9-8592-4d17-9511-799c4d417d00_m.png",
    "title": "Sriubų ir padažų prieskoniai SANTA MARIA, 25 g",
    "price": "1.09",
    "price_2": null,
    "extra_info": "2 ar daugiau su –40%"
  },
  {
    "image_url": "https://cdn.barbora.lt/products/5e2e720f-deac-4c50-9b10-ea74bf4e7d76_m.png",
    "title": "Pieninis šokoladas MILKA TOFFEE WHOLENUT, 300 g",
    "price": "6.29",
    "price_2": null,
    "extra_info": "2 ar daugiau su –30%"
  },
  {
    "image_url": "https://cdn.barbora.lt/products/c8772db9-71ef-44b8-92b1-2e5710ef1b78_m.png",
    "title": "Šaldytos apkeptos bulvių skiltelės NATALI su odelėmis, 600 g",
    "price": "1.49",
    "price_2": "2,48€/kg",
    "extra_info": "–31%"
  },
  {
    "image_url": "https://cdn.barbora.lt/products/26ddd413-e210-47c0-9113-50a98b911388_m.png",
    "title": "Karameliniai saldainiai TOFFIFEE su lazdynų riešutų kremu, 125 g",
    "price": "2.89",
    "price_2": null,
    "extra_info": "2 ar daugiau su –30%"
  },
  {
    "image_url": "https://cdn.barbora.lt/products/49682f8a-480e-4dec-bd45-789e60a998da_m.png",
    "title": "Ruošinys MAGGI IDEA sultingai vištienai su česnakais, 30 g",
    "price": "0.77",
    "price_2": "25,67€/kg",
    "extra_info": "–40%"
  },
  {
    "image_url": "https://cdn.barbora.lt/products/99b33fe6-9aab-4f4d-a5fd-4f0506d3bb07_m.png",
    "title": "Ypač tyras alyvuogių aliejus BASSO, 750 ml",
    "price": "6.89",
    "price_2": "9,19€/l",
    "extra_info": "–40%"
  },
  {
    "image_url": "https://cdn.barbora.lt/products/ef03c7c6-bb30-4f7a-a472-79b03c8ad844_m.png",
    "title": "Vytinta KLEBONIŠKA kumpinė skilandinė dešra, a. r., 90 g",
    "price": "1.99",
    "price_2": "22,11€/kg",
    "extra_info": "–31%"
  },
  {
    "image_url": "https://cdn.barbora.lt/products/6ede2c6b-7bec-4fb8-9603-415d1fb5528d_m.png",
    "title": "Šaldyti bulvių laiveliai AVIKO, 600 g",
    "price": "2.89",
    "price_2": null,
    "extra_info": "2 ar daugiau su –30%"
  },
  {
    "image_url": "https://cdn.barbora.lt/products/dcee9da2-544a-454e-8176-527bd90904e6_m.png",
    "title": "Apelsininiai pipirai SANTA MARIA, 48 g",
    "price": "2.49",
    "price_2": null,
    "extra_info": "2 ar daugiau su –40%"
  },
  {
    "image_url": "https://cdn.barbora.lt/products/c8397efc-807a-4eab-9abb-cceec914a8ed_m.png",
    "title": "Džiovinti krapai SAUDA, 15 g",
    "price": "0.55",
    "price_2": null,
    "extra_info": "2 ar daugiau su –40%"
  },
  {
    "image_url": "https://cdn.barbora.lt/products/ac7a5b07-d1d1-4d7f-8246-e298cfb15a15_m.png",
    "title": "Mėta vazonėlyje LINKĖJIMAI IŠ KAIMO, 1 vnt.",
    "price": "1.99",
    "price_2": null,
    "extra_info": "2 ar daugiau su –40%"
  },
  {
    "image_url": "https://cdn.barbora.lt/products/4ff569cf-17cd-4f0f-88ef-551ff0aa62f3_m.png",
    "title": "Obuolių, persikų tyrelė HIPP su miško uogomis, nuo 4 mėn., 100 g",
    "price": "1.25",
    "price_2": "12,5€/kg",
    "extra_info": "–30%"
  },
  {
    "image_url": "https://cdn.barbora.lt/products/01bfaeaf-5302-4cd7-8a29-20f8e44195c6_m.png",
    "title": "Želatina EXTRA LINE, 100 g",
    "price": "1.19",
    "price_2": null,
    "extra_info": "2 ar daugiau su –40%"
  },
  {
    "image_url": "https://cdn.barbora.lt/products/a906a416-ddc9-4bf2-8372-b2a9981285a7_m.png",
    "title": "Keptas varškės sūris WELL DONE, 22 % rieb., 230 g",
    "price": "2.99",
    "price_2": "13€/kg",
    "extra_info": "–25%"
  },
  {
    "image_url": "https://cdn.barbora.lt/products/b704aaae-9282-43a4-86b3-8dd7400501c3_m.png",
    "title": "Juodasis šokoladas RITTER SPORT su lazdynų riešutais, 100 g",
    "price": "2.69",
    "price_2": null,
    "extra_info": "2 ar daugiau su –30%"
  },
  {
    "image_url": "https://cdn.barbora.lt/products/347383a5-2c5f-4f8c-9f4b-18fe9e1533d7_m.png",
    "title": "Vermišeliai PASAKA, 400 g",
    "price": "0.79",
    "price_2": null,
    "extra_info": "2 už 0,99€"
  },
  {
    "image_url": "https://cdn.barbora.lt/products/82446ed6-7b10-4368-aa7a-7c6b11ba232d_m.png",
    "title": "Servetėlės ELEMENTS SENSE, 33 x 33 cm, 20 vnt., 20 vnt.",
    "price": "0.89",
    "price_2": null,
    "extra_info": "2 ar daugiau su –40%"
  },
  {
    "image_url": "https://cdn.barbora.lt/products/022b910e-fdff-434f-8bd0-edf83483e818_m.png",
    "title": "Guminukai (linksmieji meškiukai), 300 g",
    "price": "1.19",
    "price_2": null,
    "extra_info": "2 ar daugiau su –30%"
  },
  {
    "image_url": "https://cdn.barbora.lt/products/5eaa5560-482b-4341-9e90-7c56a3983a0d_m.png",
    "title": "Silpnai sūdyta silkių filė VIČI aliejuje, 400 g",
    "price": "2.99",
    "price_2": "7,48€/kg",
    "extra_info": "–25%"
  },
  {
    "image_url": "https://cdn.barbora.lt/products/8c7067bb-415d-4f5d-8c15-810f8bb2ee2e_m.png",
    "title": "Ekologiškas spalv. audinių skystasis skalbiklis BALANCE, 1.5 l",
    "price": "5.25",
    "price_2": "3,5€/l",
    "extra_info": "–40%"
  },
  {
    "image_url": "https://cdn.barbora.lt/products/fee22c1c-1f54-4c70-bb31-2aa23db159ac_m.png",
    "title": "Guminukai ROSHEN YUMMI GUMM WORMS, 70 g",
    "price": "0.79",
    "price_2": null,
    "extra_info": "2 ar daugiau su –30%"
  },
  {
    "image_url": "https://cdn.barbora.lt/products/b213bdf6-f148-4f4a-b7ed-7b520ca0f670_m.png",
    "title": "Avietinis sūrelis be laktozės POLS, 22,7 % rieb., 45 g",
    "price": "0.49",
    "price_2": "10,89€/kg",
    "extra_info": "–25%"
  },
  {
    "image_url": "https://cdn.barbora.lt/products/1f7e0d35-1a00-43f0-871e-9ec211e0e15f_m.png",
    "title": "Plėšomosios bandelės BRIOCHE su cinamonu, 150 g",
    "price": "0.89",
    "price_2": "5,94€/kg",
    "extra_info": "–36%"
  },
  {
    "image_url": "https://cdn.barbora.lt/products/4ff2e629-ac6a-4085-a420-3094c6164552_m.png",
    "title": "Prieskonių mišinys INDIAN MANGO CURRY SANTA MARIA, 41 g",
    "price": "3.29",
    "price_2": null,
    "extra_info": "2 ar daugiau su –40%"
  },
  {
    "image_url": "https://cdn.barbora.lt/products/539b5116-60f0-4765-bd16-251776c2c69b_m.png",
    "title": "Tualetinis popierius GRITE ORCHIDEA (3 sluoksnių), 8 vnt.",
    "price": "5.39",
    "price_2": null,
    "extra_info": "2 ar daugiau su –40%"
  },
  {
    "image_url": "https://cdn.barbora.lt/products/4e6442b2-3133-4e4e-9a2f-54eb71db1ac2_m.png",
    "title": "Ekologiškas skystasis vaikų drabužių skalbiklis BALANCE, 1 l",
    "price": "3.89",
    "price_2": "3,89€/l",
    "extra_info": "–40%"
  },
  {
    "image_url": "https://cdn.barbora.lt/products/df24836f-465c-4736-a85d-489341740585_m.png",
    "title": "Citrinpipiriai SANTA MARIA, 55 g",
    "price": "2.29",
    "price_2": null,
    "extra_info": "2 ar daugiau su –40%"
  },
  {
    "image_url": "https://cdn.barbora.lt/products/e6c87088-ba00-4b2c-9901-867e490569f3_m.png",
    "title": "Skystasis spalvotų audinių skalbiklis NEUTRAL, 1 l",
    "price": "5.75",
    "price_2": "5,75€/l",
    "extra_info": "–40%"
  },
  {
    "image_url": "https://cdn.barbora.lt/products/9e8c1f6f-b81a-48d4-bb56-c0bd85ec7b1f_m.png",
    "title": "Sausainiai GAIDELIS 7 GRŪDAI su vanile, 160 g",
    "price": "1.29",
    "price_2": null,
    "extra_info": "2 už 1,79€"
  },
  {
    "image_url": "https://cdn.barbora.lt/products/fdf73125-7ab3-4b7a-a889-f444c6692689_m.png",
    "title": "Labai rūgštūs guminukai ZOZOLE RAINBOW, vaisių skonio, 75 g",
    "price": "0.79",
    "price_2": null,
    "extra_info": "2 ar daugiau su –30%"
  },
  {
    "image_url": "https://cdn.barbora.lt/products/30483f46-0141-4311-807f-1ba18b28e534_m.png",
    "title": "Ekologiškas spiritinio langų valiklio papildas FROSCH SPIRITUS, 1 l",
    "price": "1.99",
    "price_2": "1,99€/l",
    "extra_info": "–31%"
  },
  {
    "image_url": "https://cdn.barbora.lt/products/a4d8665c-d2a7-43a8-8716-376e01181240_m.png",
    "title": "Ekologiški viso grūdo avižiniai dribsniai AUGA, 500 g",
    "price": "1.39",
    "price_2": "2,78€/kg",
    "extra_info": "–26%"
  },
  {
    "image_url": "https://cdn.barbora.lt/products/cd563076-5e1e-4bf8-9c0d-717d5c4df46a_m.png",
    "title": "Saldus šokoladinis varškės sūrelis RYTAS, 7,5 % rieb., 100 g",
    "price": "1.09",
    "price_2": null,
    "extra_info": "2 už 1,95€"
  },
  {
    "image_url": "https://cdn.barbora.lt/products/a7f84949-49a3-4d0d-8d74-54c0a6951d77_m.png",
    "title": "Sviesto skonio bulvių košė MAGGI su krapais, 35 g",
    "price": "0.47",
    "price_2": "13,43€/kg",
    "extra_info": "–41%"
  },
  {
    "image_url": "https://cdn.barbora.lt/products/6b982459-2fd8-4755-8048-77f6995991ad_m.png",
    "title": "Migdolų skonio gėrimas su kalciu ALPRO, 1 l",
    "price": "2.3",
    "price_2": "2,3€/l",
    "extra_info": "–30%"
  },
  {
    "image_url": "https://cdn.barbora.lt/products/a258d31b-392a-40e1-8cb3-a66b28c6cc44_m.png",
    "title": "Įvairių vaisių sulčių gėrimas ELMENHORSTER VITA TIGRAS, 200 ml",
    "price": "0.39",
    "price_2": null,
    "extra_info": "4 už 1,29€"
  },
  {
    "image_url": "https://cdn.barbora.lt/products/fdeb54fc-d9bd-413e-be2b-3424145228e3_m.png",
    "title": "Pieninio šokolado batonėlis MILKA su vanilės skonio įdaru, 37 g",
    "price": "0.89",
    "price_2": null,
    "extra_info": "2 ar daugiau su –30%"
  },
  {
    "image_url": "https://cdn.barbora.lt/products/af3095d6-37e7-4719-8c28-424df88afaca_m.png",
    "title": "Aitriųjų paprikų dribsniai SANTA MARIA, 28 g",
    "price": "2.09",
    "price_2": null,
    "extra_info": "2 ar daugiau su –40%"
  },
  {
    "image_url": "https://cdn.barbora.lt/products/ec86d336-c2dd-43df-bfe9-529a37c6984a_m.png",
    "title": "Šaldyti žiedinių kopūstų ryžiai BONDUELLE, 400 g",
    "price": "2.59",
    "price_2": null,
    "extra_info": "2 ar daugiau su –30%"
  },
  {
    "image_url": "https://cdn.barbora.lt/products/e5713bb1-b1cc-40f8-85fa-4bbcab780243_m.png",
    "title": "Dribsnių batonėlis NESTLE NESQUIK, 150 g",
    "price": "1.79",
    "price_2": "11,93€/kg",
    "extra_info": "–40%"
  },
  {
    "image_url": "https://cdn.barbora.lt/products/7650f212-aff7-4705-a16e-e77d695ef0e7_m.png",
    "title": "Marinuoti aštrūs agurkėliai SPILVA, 330 g",
    "price": "1.37",
    "price_2": "4,15€/kg",
    "extra_info": "–40%"
  },
  {
    "image_url": "https://cdn.barbora.lt/products/248810e7-423e-490b-a101-b8cbc216f0ea_m.png",
    "title": "Saldainių rinkinys PERGALĖ DESSERTS, 113 g",
    "price": "2.99",
    "price_2": null,
    "extra_info": "2 ar daugiau su –30%"
  },
  {
    "image_url": "https://cdn.barbora.lt/products/f4eb66f2-d210-491d-b2de-e93637ceccbb_m.png",
    "title": "Krekeriai TUC MINI, grietinės ir svogūnų skonio, 100 g",
    "price": "0.99",
    "price_2": "9,9€/kg",
    "extra_info": "–41%"
  },
  {
    "image_url": "https://cdn.barbora.lt/products/a56a8237-cd53-47a2-acb0-b85057fbea12_m.png",
    "title": "Šaltai rūkytos dešrelės KAI NORISI MĖSOS, a. r., 180 g",
    "price": "2.59",
    "price_2": "14,39€/kg",
    "extra_info": "–50%"
  },
  {
    "image_url": "https://cdn.barbora.lt/products/28280beb-b671-4253-8478-40b9a9974f3f_m.png",
    "title": "Skalbyklių priežiūros priemonė DR. BECKMANN, 250 ml",
    "price": "2.19",
    "price_2": "8,76€/l",
    "extra_info": "–31%"
  },
  {
    "image_url": "https://cdn.barbora.lt/products/c6fef1ed-a532-42c5-9f90-d894aea7d6df_m.png",
    "title": "Servetėlės CONFETTI, 33 x 33 cm, 20 vnt., 1 vnt.",
    "price": "2.49",
    "price_2": null,
    "extra_info": "2 ar daugiau su –40%"
  },
  {
    "image_url": "https://cdn.barbora.lt/products/ef921181-e036-4289-a9b7-a9e46f3d99d1_m.png",
    "title": "Ekol. mangų desertas MARMALUZI su šalav. sėklomis (8+ mėn.), 90 g",
    "price": "0.99",
    "price_2": "11€/kg",
    "extra_info": "–34%"
  },
  {
    "image_url": "https://cdn.barbora.lt/products/5e20829b-3b9b-4039-88d2-9a84fa0a87e8_m.png",
    "title": "Grybų sriuba MAGGI su skrebučiais, 22 g, 22 g",
    "price": "0.35",
    "price_2": "15,91€/kg",
    "extra_info": "–41%"
  },
  {
    "image_url": "https://cdn.barbora.lt/products/a7a16828-9883-4332-84d8-0f6dac3dc3c0_m.png",
    "title": "Džiovintos petražolės SAUDA, 50 g",
    "price": "0.89",
    "price_2": null,
    "extra_info": "2 ar daugiau su –40%"
  },
  {
    "image_url": "https://cdn.barbora.lt/products/392a7786-2875-491f-a08a-f405190ad0ed_m.png",
    "title": "Juodieji pipirai SALDVA (žirneliai), 25 g",
    "price": "1.39",
    "price_2": null,
    "extra_info": "2 ar daugiau su –40%"
  },
  {
    "image_url": "https://cdn.barbora.lt/products/8577770c-3d91-4fa9-b7ad-a226bac169fa_m.png",
    "title": "Lazanijos lakštai LA MOLISANA, 500 g",
    "price": "1.89",
    "price_2": "3,78€/kg",
    "extra_info": "–40%"
  },
  {
    "image_url": "https://cdn.barbora.lt/products/827384db-8cbe-4309-b4f1-9a6366d0a3cd_m.png",
    "title": "Mar. silkių filė gab. su troškintomis paprikomis ir alyvuog., 300 g",
    "price": "2.19",
    "price_2": "7,3€/kg",
    "extra_info": "–24%"
  },
  {
    "image_url": "https://cdn.barbora.lt/products/cc00dd68-fc61-4c25-af9e-f6e623972227_m.png",
    "title": "Mar. silkių filė gabaliukai su marin. agurkais garst. padaže, 300 g",
    "price": "2.19",
    "price_2": "7,3€/kg",
    "extra_info": "–24%"
  },
  {
    "image_url": "https://cdn.barbora.lt/products/52590262-bba6-4403-b784-8e5d54e6c0bb_m.png",
    "title": "Guminukai (persikų žiedai), 300 g",
    "price": "1.19",
    "price_2": null,
    "extra_info": "2 ar daugiau su –30%"
  },
  {
    "image_url": "https://cdn.barbora.lt/products/38a239f2-d1ed-45cc-b20f-7e2632af85b1_m.png",
    "title": "Virta SAMSONIUKŲ dešra, a. r., 300 g",
    "price": "2.19",
    "price_2": "7,3€/kg",
    "extra_info": "–41%"
  },
  {
    "image_url": "https://cdn.barbora.lt/products/b23d7238-9d7e-4426-b503-8579af5d1f12_m.png",
    "title": "Saldainiai PERGALĖ LIQUEUR su vyšnių likeriu, 190 g",
    "price": "4.59",
    "price_2": null,
    "extra_info": "2 ar daugiau su –30%"
  },
  {
    "image_url": "https://cdn.barbora.lt/products/0ffe9955-e9e4-4b99-94b3-ff471b1f18ab_m.png",
    "title": "Geriam. balt. VALIO PROFEEL jogurtas su vyšn., 0,1 % rieb., 275 g",
    "price": "1.19",
    "price_2": "4,33€/kg",
    "extra_info": "–20%"
  },
  {
    "image_url": "https://cdn.barbora.lt/products/ae2f5d4f-5e73-4495-ab01-e865070b6f89_m.png",
    "title": "Saldus varškės sūrelis RYTAS su bananais ir obuoliais, 7 % rieb., 100 g",
    "price": "1.09",
    "price_2": null,
    "extra_info": "2 už 1,95€"
  },
  {
    "image_url": "https://cdn.barbora.lt/products/99f06293-1b73-49bf-bf66-8f03753f81a0_m.png",
    "title": "Biskvitinis batonėlis su medumi ir pieniniu įdaru FARM MILK, 28 g",
    "price": "0.39",
    "price_2": null,
    "extra_info": "2 ar daugiau su –30%"
  },
  {
    "image_url": "https://cdn.barbora.lt/products/2caa85d5-2f9b-40cb-b576-ea6818e30ffd_m.png",
    "title": "Šaldyti kroketai WERNSING, 600 g",
    "price": "3.29",
    "price_2": null,
    "extra_info": "2 ar daugiau su –30%"
  },
  {
    "image_url": "https://cdn.barbora.lt/products/e2935885-f7e0-43f6-ae62-6d92117fc557_m.png",
    "title": "Saldžios rūkytos raudonosios paprikos SAUDA, 60 g",
    "price": "1.19",
    "price_2": null,
    "extra_info": "2 ar daugiau su –40%"
  },
  {
    "image_url": "https://cdn.barbora.lt/products/b2a9405e-6220-4496-9326-17a72dfec184_m.png",
    "title": "Pieninio šokolado rutuliukai LINDT LINDOR, 200 g",
    "price": "10.19",
    "price_2": null,
    "extra_info": "2 ar daugiau su –30%"
  },
  {
    "image_url": "https://cdn.barbora.lt/products/d0cd82da-ea9a-4b80-9393-467266dd9636_m.png",
    "title": "Dribsniai NESTLE CINI MINIS, 645 g",
    "price": "3.59",
    "price_2": "5,57€/kg",
    "extra_info": "–40%"
  },
  {
    "image_url": "https://cdn.barbora.lt/products/54c97d3f-19c2-45a5-a7c0-5861d195b683_m.png",
    "title": "Indaplovių valiklis DR. BECKMANN, 75 g",
    "price": "2.79",
    "price_2": "37,2€/kg",
    "extra_info": "–30%"
  },
  {
    "image_url": "https://cdn.barbora.lt/products/ba887c50-7f5a-4e32-8bf9-7a6170f9012f_m.png",
    "title": "Šokoladinis batonėlis KINDER COUNTRY, 23.5 g",
    "price": "0.85",
    "price_2": null,
    "extra_info": "2 ar daugiau su –30%"
  },
  {
    "image_url": "https://cdn.barbora.lt/products/ef273b63-d83b-4519-9a81-b288d2cda7aa_m.png",
    "title": "Žuvies prieskoninių žolelių mišinys SANTA MARIA, 15 g",
    "price": "0.99",
    "price_2": null,
    "extra_info": "2 ar daugiau su –40%"
  },
  {
    "image_url": "https://cdn.barbora.lt/products/9978de95-08b5-42f9-a0dc-0057d3d04f8c_m.png",
    "title": "Indaplovių skalavimo skystis BALANCE, 450 ml, 450 ml",
    "price": "2.59",
    "price_2": "5,76€/l",
    "extra_info": "–41%"
  },
  {
    "image_url": "https://cdn.barbora.lt/products/b7d1ba6a-2b82-4ca4-b052-e1b2214a14f0_m.png",
    "title": "Akmens druska SANTA MARIA malūnėlyje, 140 g",
    "price": "4.49",
    "price_2": null,
    "extra_info": "2 ar daugiau su –40%"
  },
  {
    "image_url": "https://cdn.barbora.lt/products/7cf10a48-3236-4668-9d40-06c05ad4fd36_m.png",
    "title": "Stalo žvakė ELEMENTS SENSE, 2,3 x 24,5 cm, 1 vnt.",
    "price": "0.59",
    "price_2": null,
    "extra_info": "2 ar daugiau su –40%"
  },
  {
    "image_url": "https://cdn.barbora.lt/products/6be6de67-326d-4241-8e63-c6a33c0727d8_m.png",
    "title": "Dribsnių batonėlis NESTLE CINI MINIS 6x25g, 150 g",
    "price": "1.79",
    "price_2": "11,93€/kg",
    "extra_info": "–40%"
  },
  {
    "image_url": "https://cdn.barbora.lt/products/0db15024-1056-43ab-b4c7-2906efc0dc72_m.png",
    "title": "Šaldytos gruzdintos lygios bulvytės FARM FRITES CLASSIC, 750 g",
    "price": "2.99",
    "price_2": null,
    "extra_info": "2 ar daugiau su –30%"
  },
  {
    "image_url": "https://cdn.barbora.lt/products/8f8fc533-ebc5-468d-98c7-5b0704809475_m.png",
    "title": "Guminukai FINI JELLY TEETH, 90 g",
    "price": "1.39",
    "price_2": null,
    "extra_info": "2 ar daugiau su –30%"
  },
  {
    "image_url": "https://cdn.barbora.lt/products/55af8116-5efb-462d-ad6e-81df4d6ce970_m.png",
    "title": "Saldainiai FINI BEANS, 85 g",
    "price": "1.39",
    "price_2": null,
    "extra_info": "2 ar daugiau su –30%"
  },
  {
    "image_url": "https://cdn.barbora.lt/products/cc48bad0-5d51-47cc-b402-dec4a7db3310_m.png",
    "title": "Riebalų valiklis FROSCH, 500 ml",
    "price": "2.55",
    "price_2": "5,1€/l",
    "extra_info": "–31%"
  },
  {
    "image_url": "https://cdn.barbora.lt/products/b389b1cd-3833-4fc1-8e84-75101fded59e_m.png",
    "title": "Vaikiška dantų pasta ELMEX Junior, 75 ml",
    "price": "3.75",
    "price_2": "50€/l",
    "extra_info": "–40%"
  },
  {
    "image_url": "https://cdn.barbora.lt/products/adefe317-4f88-40d9-aa75-6107e6b541d6_m.png",
    "title": "Vytintas saliamis WELL DONE PREMIUM su trumais, pjaustytas, nerūšinis gaminys, 80 g",
    "price": "2.39",
    "price_2": "29,88€/kg",
    "extra_info": "–40%"
  },
  {
    "image_url": "https://cdn.barbora.lt/products/e77a46b9-9dd4-4e94-81ac-b13b6a2ab61b_m.png",
    "title": "Biskvitinis batonėlis su pien. kokosų įdaru, kakavos glaistu, 30 g",
    "price": "0.39",
    "price_2": null,
    "extra_info": "2 ar daugiau su –30%"
  },
  {
    "image_url": "https://cdn.barbora.lt/products/058758ec-9f15-4eab-b95f-61d34d878aa6_m.png",
    "title": "Obuolių, bananų, aviečių EKOtyrelė HIPP su grūdais,nuo 6mėn., 100 g",
    "price": "1.25",
    "price_2": "12,5€/kg",
    "extra_info": "–30%"
  },
  {
    "image_url": "https://cdn.barbora.lt/products/865f1154-20b9-4896-b771-70bda8e566ed_m.png",
    "title": "Šokoladinis batonėlis ROSHEN su krembriulė skonio įdaru, 43 g",
    "price": "0.69",
    "price_2": null,
    "extra_info": "2 ar daugiau su –30%"
  },
  {
    "image_url": "https://cdn.barbora.lt/products/83253129-2491-4957-84a3-0999d99afbf5_m.png",
    "title": "Smulki jūros druska CHALUPA, 500 g",
    "price": "1.49",
    "price_2": null,
    "extra_info": "2 ar daugiau su –40%"
  },
  {
    "image_url": "https://cdn.barbora.lt/products/1d11afe8-d22f-4596-add6-e1f21dd3eb48_m.png",
    "title": "Vaflinis batonėlis KIT KAT CHUNKY su žemės riešutų kremu, 42 g",
    "price": "1.19",
    "price_2": null,
    "extra_info": "2 ar daugiau su –30%"
  },
  {
    "image_url": "https://cdn.barbora.lt/products/63e7459d-f78c-4628-a928-030afe2bc883_m.png",
    "title": "Sauskelnės-kelnaitės PAMPERS Pants, Jumbo Pack, 6 dydis, 44 vnt.",
    "price": "11.99",
    "price_2": "0,27€/vnt.",
    "extra_info": "–45%"
  },
  {
    "image_url": "https://cdn.barbora.lt/products/7351d581-5db2-4371-b744-70e1ad110fdf_m.png",
    "title": "Cinamono lazdelės WELL DONE, 25 g",
    "price": "1.19",
    "price_2": null,
    "extra_info": "2 ar daugiau su –40%"
  },
  {
    "image_url": "https://cdn.barbora.lt/products/3b2c37d6-2069-4e07-9e96-d5e31a5bd5f0_m.png",
    "title": "Sojų desertas ALPRO PLANT PROTEIN, vanilės skonio, 200 g",
    "price": "1.39",
    "price_2": "6,95€/kg",
    "extra_info": "–30%"
  },
  {
    "image_url": "https://cdn.barbora.lt/products/d31b2870-ad85-4e5d-b296-d7518bffb4f9_m.png",
    "title": "Paruošta vartoti košė SEMPER su obuoliais ir persikais, nuo 6 mėn., 120 g",
    "price": "1.25",
    "price_2": "10,42€/kg",
    "extra_info": "–40%"
  },
  {
    "image_url": "https://cdn.barbora.lt/products/f2896126-2620-425d-9d2c-f12e516ef1e9_m.png",
    "title": "MARGARITOS KAKĖS MAKĖS vonios putos vaikams, 250 ml",
    "price": "1.39",
    "price_2": "5,56€/l",
    "extra_info": "–52%"
  },
  {
    "image_url": "https://cdn.barbora.lt/products/898c281b-b4df-470f-beac-cbb94cbd3baf_m.png",
    "title": "Šaldyti maži čeburekai JUDEX su vištienos įdaru, 500 g",
    "price": "1.31",
    "price_2": "2,62€/kg",
    "extra_info": "–40%"
  },
  {
    "image_url": "https://cdn.barbora.lt/products/794632cf-612b-42a1-8be3-e4e82cb46a9c_m.png",
    "title": "Guminukai FINI, jogurto skonio, 90 g",
    "price": "1.39",
    "price_2": null,
    "extra_info": "2 ar daugiau su –30%"
  },
  {
    "image_url": "https://cdn.barbora.lt/products/88f584ea-b818-4550-9c6d-50fde95c066a_m.png",
    "title": "Juodasis kartusis šokoladas (70 %) LAIMA, 90 g",
    "price": "2.29",
    "price_2": null,
    "extra_info": "2 ar daugiau su –30%"
  },
  {
    "image_url": "https://cdn.barbora.lt/products/41598466-b5d7-4be8-9318-c1d8a54932b6_m.png",
    "title": "Ekologiškas užkandis ORGANIX su sūriu, nuo 7 mėn., 20 g",
    "price": "1.19",
    "price_2": "59,5€/kg",
    "extra_info": "–40%"
  },
  {
    "image_url": "https://cdn.barbora.lt/products/7df519a4-b7f5-480a-967a-a61b1efd1b24_m.png",
    "title": "Žąsų kepenėlių paštetas, I r., 200 g",
    "price": "1.49",
    "price_2": "7,45€/kg",
    "extra_info": "–25%"
  },
  {
    "image_url": "https://cdn.barbora.lt/products/eadfaae6-cb4f-43a6-8103-4520483d5b93_m.png",
    "title": "Smulki jūros druska CHALUPA, 250 g",
    "price": "0.99",
    "price_2": null,
    "extra_info": "2 ar daugiau su –40%"
  },
  {
    "image_url": "https://cdn.barbora.lt/products/abbf9f15-018a-47d1-bcc6-c94cc626ba61_m.png",
    "title": "Kukurūzų užkandis CHEETOS, kečupo skonio, 165 g",
    "price": "1.29",
    "price_2": "7,82€/kg",
    "extra_info": "–50%"
  },
  {
    "image_url": "https://cdn.barbora.lt/products/1d59c0cf-ba56-4c6f-8228-84c3110bbd75_m.png",
    "title": "Popieriniai rankšluosčiai GRITE BLOSSOM XL (2 sl.), 1 vnt.",
    "price": "5.19",
    "price_2": null,
    "extra_info": "2 ar daugiau su –40%"
  },
  {
    "image_url": "https://cdn.barbora.lt/products/393a2222-4126-4481-8cab-18a0959efd0b_m.png",
    "title": "Ekologiška obuolių ir kriaušių tyrelė HIPP (nuo 4 mėn.), 100 g",
    "price": "1.25",
    "price_2": "12,5€/kg",
    "extra_info": "–30%"
  },
  {
    "image_url": "https://cdn.barbora.lt/products/06f4d9ff-a74c-420e-9bfe-260c1485ee1b_m.png",
    "title": "Makaronai LAMOLISANA (kaspinėliai, Nr. 66), 500 g",
    "price": "1.19",
    "price_2": "2,38€/kg",
    "extra_info": "–40%"
  },
  {
    "image_url": "https://cdn.barbora.lt/products/68b358f5-560e-4909-ac73-51aebce4a00e_m.png",
    "title": "Vytinta SAMSONO SALIAMIO dešra, a. r., 200 g",
    "price": "3.79",
    "price_2": "18,95€/kg",
    "extra_info": "–31%"
  },
  {
    "image_url": "https://cdn.barbora.lt/products/94a1effc-a0cf-4fb1-8abe-2de1082d49b8_m.png",
    "title": "Namų kvapas su lazdelėmis ACAPPELLA MANDARINAI IR BAZILIKAS, 100 ml",
    "price": "6.49",
    "price_2": null,
    "extra_info": "2 ar daugiau su –40%"
  },
  {
    "image_url": "https://cdn.barbora.lt/products/693080b2-2fe4-404e-8c6c-e181ad869667_m.png",
    "title": "Himalajų rožinė rupi druska WELL DONE, 500 g",
    "price": "0.85",
    "price_2": null,
    "extra_info": "2 ar daugiau su –40%"
  },
  {
    "image_url": "https://cdn.barbora.lt/products/2d58770a-d15e-44ac-b4dc-6d9ec72f960e_m.png",
    "title": "Vaflinis batonėlis KINDER CRISPY, 34 g",
    "price": "0.99",
    "price_2": null,
    "extra_info": "2 ar daugiau su –30%"
  },
  {
    "image_url": "https://cdn.barbora.lt/products/4a1e2fc5-6c43-4407-a47e-a83d75a2f3e8_m.png",
    "title": "Pieninis šokoladas MILKA BUBBLY CAPPUCCINO, 97 g",
    "price": "2.59",
    "price_2": null,
    "extra_info": "2 ar daugiau su –30%"
  },
  {
    "image_url": "https://cdn.barbora.lt/products/8f449581-77df-40ed-9bd6-938a9909d3e3_m.png",
    "title": "Laurų lapai KOTANYI, 4 g",
    "price": "1.19",
    "price_2": null,
    "extra_info": "2 ar daugiau su –40%"
  },
  {
    "image_url": "https://cdn.barbora.lt/products/ebbf525a-24fb-431d-89af-71e1c3115fdf_m.png",
    "title": "Skalbyklių valiklis DR. BECKMANN, 250 g",
    "price": "2.49",
    "price_2": "9,96€/kg",
    "extra_info": "–31%"
  },
  {
    "image_url": "https://cdn.barbora.lt/products/5db1708c-d828-4cd2-a3f9-bd42fe7c9c58_m.png",
    "title": "S. JASINEVIČIAUS saldaus pieno sūris su spanguolėmis, 22 %, 1 kg",
    "price": "12.39",
    "price_2": "12,39€/kg",
    "extra_info": "–11%"
  },
  {
    "image_url": "https://cdn.barbora.lt/products/dacdc8c4-f27d-4b25-a345-425f3d3c247d_m.png",
    "title": "Avižinė BIRŽŲ duona be gliuteno, 210 g",
    "price": "2.39",
    "price_2": "11,38€/kg",
    "extra_info": "–20%"
  },
  {
    "image_url": "https://cdn.barbora.lt/products/652394e6-94be-4889-b66b-a7620130411d_m.png",
    "title": "Ekologiška obuolių tyrelė MARMALUZI (nuo 4 mėn.), 90 g",
    "price": "0.99",
    "price_2": "11€/kg",
    "extra_info": "–34%"
  },
  {
    "image_url": "https://cdn.barbora.lt/products/57aebffb-7c16-40e7-836d-1172ea35e0b1_m.png",
    "title": "Makaronai PASAKA (vamzdeliai), 400 g",
    "price": "0.79",
    "price_2": null,
    "extra_info": "2 už 0,99€"
  },
  {
    "image_url": "https://cdn.barbora.lt/products/b63273df-ab50-4c71-b489-7526a50f9fe3_m.png",
    "title": "Pieno mišinys APTAMIL 2 (nuo 6 mėn.), 800 g",
    "price": "11.69",
    "price_2": "14,61€/kg",
    "extra_info": "–35%"
  },
  {
    "image_url": "https://cdn.barbora.lt/products/586b6257-af21-4589-abd7-3b505c34ac1d_m.png",
    "title": "Bulvių prieskoniai SALDVA, 35 g",
    "price": "0.69",
    "price_2": null,
    "extra_info": "2 ar daugiau su –40%"
  },
  {
    "image_url": "https://cdn.barbora.lt/products/9017419a-1e9d-4cad-a33b-671de577c094_m.png",
    "title": "Vytinta dešra KAI NORISI MĖSOS, a. r., 200 g",
    "price": "3.09",
    "price_2": "15,45€/kg",
    "extra_info": "–51%"
  },
  {
    "image_url": "https://cdn.barbora.lt/products/53041c76-0639-4cd1-8349-f0a9b5075ac0_m.png",
    "title": "Kačių skanėstas DREAMIES su lašiša, 60 g",
    "price": "1.95",
    "price_2": null,
    "extra_info": "2 už 1 kainą"
  },
  {
    "image_url": "https://cdn.barbora.lt/products/176c7c53-4354-4ce4-9c04-52d741c80e47_m.png",
    "title": "Nesaldintas gėrimas ALPRO, avižų skonio, 1 l",
    "price": "2.3",
    "price_2": "2,3€/l",
    "extra_info": "–30%"
  },
  {
    "image_url": "https://cdn.barbora.lt/products/4e08bd0f-31f7-46a5-a475-a7509e49bed5_m.png",
    "title": "Ekol. kukurūzų užkand. PONN su braškėmis, obuol., nuo 7 mėn., 20 g",
    "price": "0.99",
    "price_2": "49,5€/kg",
    "extra_info": "–41%"
  },
  {
    "image_url": "https://cdn.barbora.lt/products/9a2a9a5f-1f53-4728-9be2-2f7ebab4e3e1_m.png",
    "title": "Kūdikių servetėlės PAMPERS Harmonie Aqua, 3x48 vnt.",
    "price": "5.29",
    "price_2": "0,03€/vnt.",
    "extra_info": "–50%"
  },
  {
    "image_url": "https://cdn.barbora.lt/products/b9e0f0b5-6e81-48b7-8e2b-af419f8f5919_m.png",
    "title": "Jogurto, bananų ir mėlynių tyrė SEMPER, nuo 6 mėn. 90 g",
    "price": "1.05",
    "price_2": "11,67€/kg",
    "extra_info": "–41%"
  },
  {
    "image_url": "https://cdn.barbora.lt/products/22275422-b17f-44ea-8dc9-668edcd92efc_m.png",
    "title": "Juodasis šokoladas PERGALĖ su neskaldytais lazdynų riešutais, 200 g",
    "price": "5.79",
    "price_2": null,
    "extra_info": "2 ar daugiau su –30%"
  },
  {
    "image_url": "https://cdn.barbora.lt/products/50ad41d7-5094-4031-8435-7744580141f3_m.png",
    "title": "Pieninis šokoladas PERGALĖ, 200 g",
    "price": "5.29",
    "price_2": null,
    "extra_info": "2 ar daugiau su –30%"
  },
  {
    "image_url": "https://cdn.barbora.lt/products/9b24777a-e895-48a8-a499-1b3807d31345_m.png",
    "title": "Skalbinių minkštiklis SILAN SENSITIVE & BABY, 64 skalb., 1.41 l",
    "price": "3.19",
    "price_2": "2,27€/l",
    "extra_info": "–51%"
  },
  {
    "image_url": "https://cdn.barbora.lt/products/280f3944-e550-44be-ba09-25f789496097_m.png",
    "title": "Laurų lapai WELL DONE, 40 g",
    "price": "0.99",
    "price_2": null,
    "extra_info": "2 ar daugiau su –40%"
  },
  {
    "image_url": "https://cdn.barbora.lt/products/e148aa75-c6bd-4663-bfb9-3d52466120e0_m.png",
    "title": "Guminukai HARIBO GOLDBEARS, 100 g",
    "price": "1.55",
    "price_2": null,
    "extra_info": "2 ar daugiau su –30%"
  },
  {
    "image_url": "https://cdn.barbora.lt/products/600b3838-b71e-4a76-b7b4-2156cf119d7d_m.png",
    "title": "Spraginamieji kukurūzai MOGYI, sūrio skonio, 100 g",
    "price": "0.65",
    "price_2": "6,5€/kg",
    "extra_info": "–34%"
  },
  {
    "image_url": "https://cdn.barbora.lt/products/e0633b93-f8c7-43d3-85ce-fd421ab5b809_m.png",
    "title": "Ciberžolės SALDVA, 25 g",
    "price": "0.79",
    "price_2": null,
    "extra_info": "2 ar daugiau su –40%"
  },
  {
    "image_url": "https://cdn.barbora.lt/products/2917063c-ea90-4cd2-a446-3a98adb03c55_m.png",
    "title": "Baltos bolivinės balandos AMRITA, 400 g",
    "price": "2.49",
    "price_2": "6,23€/kg",
    "extra_info": "–38%"
  },
  {
    "image_url": "https://cdn.barbora.lt/products/3fb55d82-b14a-4148-a878-876d523be764_m.png",
    "title": "SOSTINĖS saldainiai PERGALĖ, 380 g",
    "price": "12.69",
    "price_2": null,
    "extra_info": "2 ar daugiau su –30%"
  },
  {
    "image_url": "https://cdn.barbora.lt/products/93377d9b-b32e-4d53-a51c-06c676f36941_m.png",
    "title": "Traškūs javainiai FITNESS NESTLE su medumi, 300 g",
    "price": "2.27",
    "price_2": "7,56€/kg",
    "extra_info": "–40%"
  },
  {
    "image_url": "https://cdn.barbora.lt/products/e0acdcb0-19bf-4f6c-892b-22b475939399_m.png",
    "title": "Šokoladiniai saldainiai FERRERO ROCHER, 200 g",
    "price": "7.49",
    "price_2": null,
    "extra_info": "2 ar daugiau su –30%"
  },
  {
    "image_url": "https://cdn.barbora.lt/products/97112c75-2b4d-4875-95ee-5e4baaedfb1d_m.png",
    "title": "Meksikietiški vištienos prieskoniai SANTA MARIA, 27 g",
    "price": "0.99",
    "price_2": null,
    "extra_info": "2 ar daugiau su –40%"
  },
  {
    "image_url": "https://cdn.barbora.lt/products/8280bb25-2623-41e9-924a-56904b044af4_m.png",
    "title": "Avižų granola BEGGININGS su mangais, 200 g",
    "price": "2.24",
    "price_2": "11,2€/kg",
    "extra_info": "–25%"
  },
  {
    "image_url": "https://cdn.barbora.lt/products/8c1d8ee5-ef47-4a4e-9ae0-a15dee9d94cb_m.png",
    "title": "Riestainiai GARLIAVOS DUONA, 320 g",
    "price": "0.83",
    "price_2": "2,59€/kg",
    "extra_info": "–40%"
  },
  {
    "image_url": "https://cdn.barbora.lt/products/62d40afd-d60f-4328-9ba7-78624d57917b_m.png",
    "title": "Juodoji arbata LIPTON YELLOW LABEL, 50 g",
    "price": "1.67",
    "price_2": "33,4€/kg",
    "extra_info": "–40%"
  },
  {
    "image_url": "https://cdn.barbora.lt/products/24fa0177-187f-4981-988e-f54056749090_m.png",
    "title": "Pieninis šokoladas KINDER, 100 g",
    "price": "2.29",
    "price_2": null,
    "extra_info": "2 ar daugiau su –30%"
  },
  {
    "image_url": "https://cdn.barbora.lt/products/100be06e-bc9b-4bee-8989-5783e3e816b0_m.png",
    "title": "Šaldyti UŽKALNIO koldūnai JUDEX su mėsa, itališ. rozmarinais, 600 g",
    "price": "1.43",
    "price_2": "2,38€/kg",
    "extra_info": "–40%"
  },
  {
    "image_url": "https://cdn.barbora.lt/products/2df3ad12-dafe-4395-8707-d5aa6bd29f4e_m.png",
    "title": "Ekologiška obuolių, braškių, bananų tyrelė HIPP, nuo 4 mėn., 100 g",
    "price": "1.25",
    "price_2": "12,5€/kg",
    "extra_info": "–30%"
  },
  {
    "image_url": "https://cdn.barbora.lt/products/0f4b7779-ef24-4f3c-88a5-537a8b9994fb_m.png",
    "title": "Maltas kuminas SALDVA, 22 g",
    "price": "0.85",
    "price_2": null,
    "extra_info": "2 ar daugiau su –40%"
  },
  {
    "image_url": "https://cdn.barbora.lt/products/d6ccfc60-6b92-4aa6-8c31-cc7ec5296281_m.png",
    "title": "Indų ploviklis FAIRY SC Lilac, 650ml",
    "price": "2.65",
    "price_2": "4,08€/l",
    "extra_info": "–30%"
  },
  {
    "image_url": "https://cdn.barbora.lt/products/2e29b1c8-c2e2-4218-ae2a-4ec83b2ce6a6_m.png",
    "title": "Ekol.burok.,darž.,ob. ir jautienos tyrelė HIPP (nuo 8 mėn.), 220 g",
    "price": "1.95",
    "price_2": "8,86€/kg",
    "extra_info": "–30%"
  },
  {
    "image_url": "https://cdn.barbora.lt/products/bcb3ee82-ea6b-4938-8510-27ff844d88eb_m.png",
    "title": "Česnakiniai pipirai SANTA MARIA, 70 g",
    "price": "2.59",
    "price_2": null,
    "extra_info": "2 ar daugiau su –40%"
  },
  {
    "image_url": "https://cdn.barbora.lt/products/e1a867b4-a90b-4aa8-a6ec-5d4401ff8854_m.png",
    "title": "Makaronai LA MOLISANA be glitimo (sraigteliai), 400 g",
    "price": "2.03",
    "price_2": "5,08€/kg",
    "extra_info": "–40%"
  },
  {
    "image_url": "https://cdn.barbora.lt/products/b1a8e7dc-28c2-481e-897c-c0b53f15d29e_m.png",
    "title": "Bulvių prieskoniai SANTA MARIA, 57 g",
    "price": "1.59",
    "price_2": null,
    "extra_info": "2 ar daugiau su –40%"
  },
  {
    "image_url": "https://cdn.barbora.lt/products/4e28ed19-7bea-426c-8460-c39ea57c3b81_m.png",
    "title": "Balt. jogurto gėrimas su miško uog. VALIO PROFEEL, 0,1%rieb., 275 g",
    "price": "1.19",
    "price_2": "4,33€/kg",
    "extra_info": "–20%"
  },
  {
    "image_url": "https://cdn.barbora.lt/products/83e1905b-faa8-4792-811e-022eaf7aa06f_m.png",
    "title": "Atšildytos nevirtos baltakojų krevečių uodegėlės WELL DONE, 300 g",
    "price": "5.99",
    "price_2": "19,96€/kg",
    "extra_info": "–25%"
  },
  {
    "image_url": "https://cdn.barbora.lt/products/e4726adc-7492-403b-8849-e5c1d04b2d72_m.png",
    "title": "Ekologiškas WC valiklis FROSCH WC GEL CITRUS, 750 ml",
    "price": "1.65",
    "price_2": "2,2€/l",
    "extra_info": "–31%"
  },
  {
    "image_url": "https://cdn.barbora.lt/products/4df5225e-8bee-4106-852e-92a33c5ce389_m.png",
    "title": "Ekologiška daržovių tyrelė HIPP su kalakutiena, nuo 12 mėn., 220 g",
    "price": "1.95",
    "price_2": "8,86€/kg",
    "extra_info": "–30%"
  },
  {
    "image_url": "https://cdn.barbora.lt/products/16cd7e51-bc03-4536-9cd6-f985de4445c6_m.png",
    "title": "Vištų kepenėlių paštetas, I r., 200 g",
    "price": "1.49",
    "price_2": "7,45€/kg",
    "extra_info": "–25%"
  },
  {
    "image_url": "https://cdn.barbora.lt/products/6a5669b5-ed68-4eaf-b954-48abaec50b16_m.png",
    "title": "Bazilikai SALDVA, 10 g",
    "price": "0.65",
    "price_2": null,
    "extra_info": "2 ar daugiau su –40%"
  },
  {
    "image_url": "https://cdn.barbora.lt/products/97cd5386-899a-4b61-97ea-582a5bf29066_m.png",
    "title": "Šaldytos sojos EDAMAME, 500 g",
    "price": "3.99",
    "price_2": null,
    "extra_info": "2 ar daugiau su –30%"
  },
  {
    "image_url": "https://cdn.barbora.lt/products/df8dbe5b-aa5d-48bc-a8d8-dc49e395c704_m.png",
    "title": "Universalieji prieskoniai VEGETA, 200 g",
    "price": "1.89",
    "price_2": null,
    "extra_info": "2 ar daugiau su –40%"
  },
  {
    "image_url": "https://cdn.barbora.lt/products/b42f7d3e-fd3f-432d-9d3d-8151c1e90593_m.png",
    "title": "Skalbinių baliklis DR. BECKMANN, 80 g",
    "price": "1.39",
    "price_2": "17,38€/kg",
    "extra_info": "–30%"
  },
  {
    "image_url": "https://cdn.barbora.lt/products/b0ef08d6-c386-4b6d-a0b7-55a7b92f3919_m.png",
    "title": "Indų ploviklis FAIRY Lemon, 900ml",
    "price": "3.05",
    "price_2": "3,39€/l",
    "extra_info": "–31%"
  },
  {
    "image_url": "https://cdn.barbora.lt/products/16084de8-3aba-4f4e-b07f-5b788ae1d4c5_m.png",
    "title": "Vištienos sriuba MAGGI su makaronais, 12 g",
    "price": "0.35",
    "price_2": "29,17€/kg",
    "extra_info": "–41%"
  },
  {
    "image_url": "https://cdn.barbora.lt/products/437665d0-303c-4226-b59b-548a9492eae4_m.png",
    "title": "Ekologiškos sūrio lazdelės MIAU, 40 % rieb. s. m., 270 g",
    "price": "3.99",
    "price_2": "14,78€/kg",
    "extra_info": "–23%"
  },
  {
    "image_url": "https://cdn.barbora.lt/products/7b038e9c-f558-47de-9b75-5a764fed300f_m.png",
    "title": "Guminukai RED BAND (žuvytės), 100 g",
    "price": "1.39",
    "price_2": null,
    "extra_info": "2 ar daugiau su –30%"
  },
  {
    "image_url": "https://cdn.barbora.lt/products/ba9e7aae-b8a4-4870-b42c-f1e5d6753a1a_m.png",
    "title": "Ekologiškas migdolų gėrimas WELL DONE, 1 l",
    "price": "1.99",
    "price_2": "1,99€/l",
    "extra_info": "–20%"
  },
  {
    "image_url": "https://cdn.barbora.lt/products/ad079715-30bd-4c89-8bb8-cf4448fbc7bb_m.png",
    "title": "Guminukai ZOZOLE (lazdelės), vaisių skonio, 75 g",
    "price": "0.79",
    "price_2": null,
    "extra_info": "2 ar daugiau su –30%"
  },
  {
    "image_url": "https://cdn.barbora.lt/products/2c7d4d8f-ce36-457c-8ce0-eabdae63dab7_m.png",
    "title": "Bulvių košė MAGGI su grietinėle, 35 g",
    "price": "0.47",
    "price_2": "13,43€/kg",
    "extra_info": "–41%"
  },
  {
    "image_url": "https://cdn.barbora.lt/products/fa13a0b1-8660-4e41-a5e2-4bada5454002_m.png",
    "title": "Higien. paketai GENTLE DAY OVERNIGHT HEAVY FLOW (naktiniai), 8 vnt.",
    "price": "2.65",
    "price_2": "0,33€/vnt.",
    "extra_info": "–30%"
  },
  {
    "image_url": "https://cdn.barbora.lt/products/046620d1-4e96-4506-8511-675e127f1673_m.png",
    "title": "Šašlykų prieskoniai SANTA MARIA, 100 g",
    "price": "1.99",
    "price_2": null,
    "extra_info": "2 ar daugiau su –40%"
  },
  {
    "image_url": "https://cdn.barbora.lt/products/d5235135-f9ad-4a70-b926-606280d9c708_m.png",
    "title": "Vaikiška dantų pasta JORDAN vaisių skonio,6-12 metų, 50 ml",
    "price": "1.65",
    "price_2": "33€/l",
    "extra_info": "–41%"
  },
  {
    "image_url": "https://cdn.barbora.lt/products/a8b45856-2d09-4348-a1a5-fba831d1f269_m.png",
    "title": "Spagečiai PASAKA, 400 g",
    "price": "0.79",
    "price_2": null,
    "extra_info": "2 už 0,99€"
  },
  {
    "image_url": "https://cdn.barbora.lt/products/081a62b4-47eb-4cb2-8e41-35d13dd75acd_m.png",
    "title": "Grūsti juodieji pipirai SANTA MARIA, 18 g",
    "price": "1.49",
    "price_2": null,
    "extra_info": "2 ar daugiau su –40%"
  },
  {
    "image_url": "https://cdn.barbora.lt/products/cefa7b5b-23e3-428c-a7c5-ea3684569141_m.png",
    "title": "Ekol.obuolių, gelt.slyvų ir persikų tyrelė HIPP nuo 12 mėn., 100 g",
    "price": "1.25",
    "price_2": "12,5€/kg",
    "extra_info": "–30%"
  },
  {
    "image_url": "https://cdn.barbora.lt/products/5051dbd7-c480-440c-b6a6-38d057e7c31a_m.png",
    "title": "Šald. daržovių mišinys BONDUELLE su pupel., perl. kruopomis, 400 g",
    "price": "3.85",
    "price_2": null,
    "extra_info": "2 ar daugiau su –30%"
  },
  {
    "image_url": "https://cdn.barbora.lt/products/dde7c669-9a82-4ad6-840e-efc6f61e51af_m.png",
    "title": "Indų ploviklis BALANCE su alavijų ekstraktu, 450 ml",
    "price": "1.19",
    "price_2": "2,64€/l",
    "extra_info": "–40%"
  },
  {
    "image_url": "https://cdn.barbora.lt/products/3605916b-645a-4d79-b7af-7e8a8a537695_m.png",
    "title": "Atšild. ledjūr. menkės filė WELL DONE(lot.Pollachius virens), 250 g",
    "price": "4.79",
    "price_2": "19,16€/kg",
    "extra_info": "–20%"
  },
  {
    "image_url": "https://cdn.barbora.lt/products/0c367eeb-72cd-4a3b-9157-2098b3ff0dd9_m.png",
    "title": "Higieniniai įklotai GENTLE DAY, 30 vnt.",
    "price": "2.79",
    "price_2": "0,09€/vnt.",
    "extra_info": "–30%"
  },
  {
    "image_url": "https://cdn.barbora.lt/products/25ab77cd-53a1-4121-bb97-855a42b8795d_m.png",
    "title": "Alyvuogių išspaudų aliejus BASSO, 1 l",
    "price": "5.09",
    "price_2": "5,09€/l",
    "extra_info": "–40%"
  },
  {
    "image_url": "https://cdn.barbora.lt/products/01d23d25-7859-4aeb-b2ce-e2178d2367c4_m.png",
    "title": "Pieninis šokoladas MILKA CHOCO JELLY su želės gabaliukais, 250 g",
    "price": "6.29",
    "price_2": null,
    "extra_info": "2 ar daugiau su –30%"
  },
  {
    "image_url": "https://cdn.barbora.lt/products/d8d3bf1e-d917-46d5-8f02-0c9571bb547e_m.png",
    "title": "Pieno mišinys APTAMIL 3 (nuo 1 m.), 800 g",
    "price": "11.69",
    "price_2": "14,61€/kg",
    "extra_info": "–35%"
  },
  {
    "image_url": "https://cdn.barbora.lt/products/e3d6a7e8-ab82-4919-8829-41934c9fdeb5_m.png",
    "title": "Paruošta vartoti košė SEMPER su mangais ir kriaušėmis, nuo 6 mėn., 120 g",
    "price": "1.25",
    "price_2": "10,42€/kg",
    "extra_info": "–40%"
  },
  {
    "image_url": "https://cdn.barbora.lt/products/593ef2a3-2c85-4ae1-8446-6a7081836b86_m.png",
    "title": "KAKĖS MAKĖS dantų pasta ECODENTA vaikams, 75 ml",
    "price": "1.59",
    "price_2": "21,2€/l",
    "extra_info": "–50%"
  },
  {
    "image_url": "https://cdn.barbora.lt/products/2b05b9f8-4621-4642-bf32-3eedc5a3d576_m.png",
    "title": "Grūdų žiedeliai su medumi NESTLE HONEY CHEERIOS, 375 g",
    "price": "2.39",
    "price_2": "6,37€/kg",
    "extra_info": "–40%"
  },
  {
    "image_url": "https://cdn.barbora.lt/products/aaae8cd8-c976-4d12-9c89-130b42f9a121_m.png",
    "title": "Saldainiai ROSHEN YUMMI GUMM BEARS, 70 g",
    "price": "0.79",
    "price_2": null,
    "extra_info": "2 ar daugiau su –30%"
  },
  {
    "image_url": "https://cdn.barbora.lt/products/21f90ef7-eaf2-4242-8c8a-26dd2dbb3a25_m.png",
    "title": "Krekeriai ELEPHANT, medaus, garstyčių ir svogūnų skonio, 70 g",
    "price": "0.99",
    "price_2": "14,15€/kg",
    "extra_info": "–21%"
  },
  {
    "image_url": "https://cdn.barbora.lt/products/9de846bf-b734-41b7-93f5-27a99d5956d5_m.png",
    "title": "Atšild. balt. blyšk. krevetės (Litopenaeus vanname), virtos, 1 kg",
    "price": "8.99",
    "price_2": "8,99€/kg",
    "extra_info": "–36%"
  },
  {
    "image_url": "https://cdn.barbora.lt/products/091eeb0c-2a59-4ebe-abed-bc72d68b0548_m.png",
    "title": "Ek.MAMUKO avižų, šviesių grikių ir miežių grūdai(nuo 12mėn.), 240 g",
    "price": "3.25",
    "price_2": "13,54€/kg",
    "extra_info": "–31%"
  }
]