[
  {
    "image_url": "https://cdn.barbora.lt/products/1d747537-6760-4098-ab24-8c658d1f9491_m.png",
    "title": "Bananai, nuo 20 cm, 1 kg",
    "price": "0.89",
    "price_2": "0,89€/kg",
    "extra_info": "–25%"
  },
  {
    "image_url": "https://cdn.barbora.lt/products/c19c320d-a3d6-4fa1-8454-6c5e09338908_m.png",
    "title": "Plautos morkos, 1 kg",
    "price": "0.39",
    "price_2": "0,39€/kg",
    "extra_info": "–33%"
  },
  {
    "image_url": "https://cdn.barbora.lt/products/484760fc-4195-4caf-ac05-6c4e0006a2bb_m.png",
    "title": "Citrinos, 3-4 d., 1 kg",
    "price": "1.99",
    "price_2": "1,99€/kg",
    "extra_info": "–26%"
  },
  {
    "image_url": "https://cdn.barbora.lt/products/80a7146d-c725-4ad7-8725-e257ee5af750_m.png",
    "title": "Obuoliai JONAGOLD, 75-85 mm, 1 kg",
    "price": "0.89",
    "price_2": "0,89€/kg",
    "extra_info": "–47%"
  },
  {
    "image_url": "https://cdn.barbora.lt/products/e460b71a-a692-4fe5-8749-935208ecf530_m.png",
    "title": "Valgomasis graikiškas jogurtas ALMA, 4 % rieb., 370 g",
    "price": "1.43",
    "price_2": "3,87€/kg",
    "extra_info": "–20%"
  },
  {
    "image_url": "https://cdn.barbora.lt/products/ed117a6d-d949-478f-9fa0-efdde131061f_m.png",
    "title": "Žaliosios besėklės vynuogės, 500 g",
    "price": "2.19",
    "price_2": "4,38€/kg",
    "extra_info": "–27%"
  },
  {
    "image_url": "https://cdn.barbora.lt/products/cad54f9d-d162-4037-85c8-344543876989_m.png",
    "title": "Ant kraiko laikomų vištų kiaušiniai WELL DONE, 10 vnt.",
    "price": "2.19",
    "price_2": "0,22€/vnt.",
    "extra_info": "–12%"
  },
  {
    "image_url": "https://cdn.barbora.lt/products/8fdebf4e-7a00-400b-8eaf-1bdaedd52466_m.png",
    "title": "Sumuštinių duona skrudinimui TOSTE, 500 g",
    "price": "1.45",
    "price_2": "2,9€/kg",
    "extra_info": "–19%"
  },
  {
    "image_url": "https://cdn.barbora.lt/products/322fc41a-d59e-4094-ba5a-6f2da3d4d8e6_m.png",
    "title": "Česnakai, 1 kg",
    "price": "2.99",
    "price_2": "2,99€/kg",
    "extra_info": "–33%"
  },
  {
    "image_url": "https://cdn.barbora.lt/products/56d4519a-5173-4100-a5e8-3dd46e656b29_m.png",
    "title": "Geltonieji kiviai, 500 g",
    "price": "1.39",
    "price_2": "2,78€/kg",
    "extra_info": "–39%"
  },
  {
    "image_url": "https://cdn.barbora.lt/products/2be12712-e4ad-44db-8350-7be39a8a5284_m.png",
    "title": "Pomidorai, 67-82 mm, 1 kg",
    "price": "2.19",
    "price_2": "2,19€/kg",
    "extra_info": "–27%"
  },
  {
    "image_url": "https://cdn.barbora.lt/products/e17112e7-800e-42c8-9310-cec555b24910_m.png",
    "title": "Virtas pjaustytas kalakutienos kumpis, I r., 90 g",
    "price": "2.49",
    "price_2": null,
    "extra_info": "2 ar daugiau su –20%"
  },
  {
    "image_url": "https://cdn.barbora.lt/products/fd299e77-23a9-4f0f-bb60-1a2ae05b63b2_m.png",
    "title": "Tarkuotas sūris picai DŽIUGAS MIX, 43 % rieb. s. m., 200 g",
    "price": "1.99",
    "price_2": "9,95€/kg",
    "extra_info": "–36%"
  },
  {
    "image_url": "https://cdn.barbora.lt/products/67c6635a-31d6-4949-b784-0e6c08dfc460_m.png",
    "title": "Šilauogės kibirėlyje, 400 g",
    "price": "3.99",
    "price_2": "9,98€/kg",
    "extra_info": "–43%"
  },
  {
    "image_url": "https://cdn.barbora.lt/products/f233d1d3-bd04-4a58-bdee-d7b72d013f69_m.png",
    "title": "Tarkuotas sūris makaronams DŽIUGAS MIX, 42 % rieb. s. m., 200 g",
    "price": "1.99",
    "price_2": "9,95€/kg",
    "extra_info": "–36%"
  },
  {
    "image_url": "https://cdn.barbora.lt/products/43e59162-682a-426f-85c1-0984be6fa1bc_m.png",
    "title": "Šaldytos gruzdintos bulvytės FARM FRITES LONG & CRUNCHY, 600 g",
    "price": "1.65",
    "price_2": "2,75€/kg",
    "extra_info": "–41%"
  },
  {
    "image_url": "https://cdn.barbora.lt/products/6dbe54f4-2e44-48d6-993e-b65823af67ba_m.png",
    "title": "Spagečiai LA MOLISANA SPAGHETTI Nr. 15, 500 g",
    "price": "1.07",
    "price_2": "2,14€/kg",
    "extra_info": "–40%"
  },
  {
    "image_url": "https://cdn.barbora.lt/products/d7563521-f9c8-45dd-9ae1-1e34d184c255_m.png",
    "title": "Duona skrudinimui TOSTE PROTEIN, 380 g",
    "price": "1.69",
    "price_2": "4,45€/kg",
    "extra_info": "–19%"
  },
  {
    "image_url": "https://cdn.barbora.lt/products/ea677aba-0a08-487a-a43f-7969355c4927_m.png",
    "title": "Višt. faršas kotl. VILNIAUS PAUKŠTYNAS, rieb. maž. kaip 15 %, 400 g",
    "price": "1.99",
    "price_2": "4,98€/kg",
    "extra_info": "–33%"
  },
  {
    "image_url": "https://cdn.barbora.lt/products/e0c1443c-414b-4001-ad2b-949a55168bfe_m.png",
    "title": "Makaronai LA MOLISANA FUSILLI Nr. 28 (sraigteliai), 500 g",
    "price": "1.07",
    "price_2": "2,14€/kg",
    "extra_info": "–40%"
  },
  {
    "image_url": "https://cdn.barbora.lt/products/f7deb9d7-fc72-4368-a4d1-e4fdad8f039a_m.png",
    "title": "Ekologiška grietinė AUGA, 30 % rieb., 400 g",
    "price": "2.36",
    "price_2": "5,9€/kg",
    "extra_info": "–20%"
  },
  {
    "image_url": "https://cdn.barbora.lt/products/9313590b-1028-4c5b-be9c-2ae0cea0bb54_m.png",
    "title": "Lapinės salotos vazonėlyje LOLLO BIONDO, 1 vnt.",
    "price": "0.99",
    "price_2": "0,99€/vnt.",
    "extra_info": "–50%"
  },
  {
    "image_url": "https://cdn.barbora.lt/products/800f68bb-dd44-4434-86ad-121594472efe_m.png",
    "title": "Raikytas SOSTINĖS batonas, 400 g",
    "price": "0.99",
    "price_2": "2,48€/kg",
    "extra_info": "–23%"
  },
  {
    "image_url": "https://cdn.barbora.lt/products/6144e7b1-79e8-4f3f-bbe2-664c87c8daa4_m.png",
    "title": "Ekologiškas sviestas AUGA, 82 % rieb., 180 g",
    "price": "2.36",
    "price_2": "13,11€/kg",
    "extra_info": "–20%"
  },
  {
    "image_url": "https://cdn.barbora.lt/products/d8909ec9-3002-421d-b3c5-6692bb2a6ecf_m.png",
    "title": "Gazuotas vanduo NEPTŪNAS, citrinų skonio, 1.5 l",
    "price": "0.85",
    "price_2": null,
    "extra_info": "2 už 0,89€"
  },
  {
    "image_url": "https://cdn.barbora.lt/products/cac1b107-fa13-4ca9-b302-7b57df9f4723_m.png",
    "title": "Vytinta BERNŲ dešra, a. r., 200 g",
    "price": "3.24",
    "price_2": "16,2€/kg",
    "extra_info": "–50%"
  },
  {
    "image_url": "https://cdn.barbora.lt/products/baa82acc-8b06-445d-a937-eadf7a6efb60_m.png",
    "title": "Višt. filė faršas VILNIAUS PAUKŠTYNAS, rieb. mažiau kaip 15%, 400 g",
    "price": "1.99",
    "price_2": "4,98€/kg",
    "extra_info": "–33%"
  },
  {
    "image_url": "https://cdn.barbora.lt/products/ff92c7a8-5349-4089-abea-402e041ba885_m.png",
    "title": "Ekologiška varškė AUGA, 9 % rieb., 180 g",
    "price": "1.19",
    "price_2": "6,61€/kg",
    "extra_info": "–20%"
  },
  {
    "image_url": "https://cdn.barbora.lt/products/9d7b877b-2e09-4f1d-8463-227ac026bd32_m.png",
    "title": "Virtos saldžiųjų kukurūzų burbuolės WELL DONE, 450 g",
    "price": "1.29",
    "price_2": "2,87€/kg",
    "extra_info": "–35%"
  },
  {
    "image_url": "https://cdn.barbora.lt/products/4080fce4-272d-4649-a4d8-818940a65a41_m.png",
    "title": "Vištienos sultinys MAGGI (12 x 10 g), 120 g",
    "price": "0.71",
    "price_2": "5,92€/kg",
    "extra_info": "–40%"
  },
  {
    "image_url": "https://cdn.barbora.lt/products/32def010-f279-48a2-abf2-e84d48570574_m.png",
    "title": "Sušokantis kačių kraikas LOVETT, 5 l",
    "price": "2.09",
    "price_2": "0,42€/l",
    "extra_info": "–30%"
  },
  {
    "image_url": "https://cdn.barbora.lt/products/db343f75-6e24-43c9-9c88-3a78fb33d8ff_m.png",
    "title": "Ridikėliai, 300 g",
    "price": "0.99",
    "price_2": "3,3€/kg",
    "extra_info": "–34%"
  },
  {
    "image_url": "https://cdn.barbora.lt/products/a2357802-2fb4-4d3d-874f-50d526becd3a_m.png",
    "title": "Plėšomosios sviestinės bandelės BRIOCHE, 300 g",
    "price": "1.49",
    "price_2": "4,97€/kg",
    "extra_info": "–38%"
  },
  {
    "image_url": "https://cdn.barbora.lt/products/96f363bf-8b61-41bb-824d-7eeed22247d3_m.png",
    "title": "Virtos BIOVELOS pieniškos dešrelės, Aukščiausia rūšis, 260 g",
    "price": "2.99",
    "price_2": null,
    "extra_info": "2 už 3,19€"
  },
  {
    "image_url": "https://cdn.barbora.lt/products/937e7691-75f7-4fc7-b846-b302c68aca41_m.png",
    "title": "Tamsi raugo duona MORTA su medumi, 500 g",
    "price": "1.35",
    "price_2": "2,7€/kg",
    "extra_info": "–20%"
  },
  {
    "image_url": "https://cdn.barbora.lt/products/ee86b4b3-cd8c-4cc5-b9e1-1efb268a72dc_m.png",
    "title": "Valgomasis ekologiškas jogurtas DOBILAS, 3,8 % rieb., 125 g",
    "price": "0.75",
    "price_2": "6€/kg",
    "extra_info": "–31%"
  },
  {
    "image_url": "https://cdn.barbora.lt/products/1503a6e2-0544-4a45-ab4f-c447be372618_m.png",
    "title": "Lietuviški baltagūžiai kopūstai, 1 kg",
    "price": "0.39",
    "price_2": "0,39€/kg",
    "extra_info": "–40%"
  },
  {
    "image_url": "https://cdn.barbora.lt/products/78f4a3c5-7654-455c-b409-c4c7a1dc5f6f_m.png",
    "title": "Virtas KARALIŠKAS kalakutienos kumpis, a. r., 90 g",
    "price": "2.69",
    "price_2": null,
    "extra_info": "2 ar daugiau su –20%"
  },
  {
    "image_url": "https://cdn.barbora.lt/products/ccf2aa92-0533-462a-943d-dc6ca267a7f6_m.png",
    "title": "Ekologiškas pienas AUGA, 3,5 % rieb., 1 l",
    "price": "1.43",
    "price_2": "1,43€/l",
    "extra_info": "–20%"
  },
  {
    "image_url": "https://cdn.barbora.lt/products/c79f91a1-6eea-4e4f-a97d-25ad92dc2813_m.png",
    "title": "Makaronai LAMOLISANA spiralės, 500 g",
    "price": "1.13",
    "price_2": "2,26€/kg",
    "extra_info": "–40%"
  },
  {
    "image_url": "https://cdn.barbora.lt/products/2b82fe29-2107-42de-a281-ca4c84cc4bb6_m.png",
    "title": "Rauginti agurkai WELL DONE, 740 g",
    "price": "1.99",
    "price_2": "2,69€/kg",
    "extra_info": "–20%"
  },
  {
    "image_url": "https://cdn.barbora.lt/products/9a04b396-3591-4e39-ba40-305d39329af2_m.png",
    "title": "Valgomasis graikiškas jogurtas ALMA, 4 % rieb., 180 g",
    "price": "0.95",
    "price_2": "5,28€/kg",
    "extra_info": "–20%"
  },
  {
    "image_url": "https://cdn.barbora.lt/products/9d4657ab-1e39-42ca-a374-9c19b49db60d_m.png",
    "title": "Šaldytos šparaginės pupelės WELL DONE, 400 g",
    "price": "0.99",
    "price_2": "2,48€/kg",
    "extra_info": "–23%"
  },
  {
    "image_url": "https://cdn.barbora.lt/products/3627d3d9-fcc3-453a-8c4f-83f4eb5a5a05_m.png",
    "title": "Šaltai rūkyta kiaulienos šoninė, a. r., 140 g",
    "price": "3.49",
    "price_2": null,
    "extra_info": "2 ar daugiau su –20%"
  },
  {
    "image_url": "https://cdn.barbora.lt/products/57d67762-01f3-43bf-9a05-00b0ddcdc9ac_m.png",
    "title": "Visų grūdo dalių skrudinamoji duona TOSTE  , 500 g",
    "price": "1.89",
    "price_2": "3,78€/kg",
    "extra_info": "–21%"
  },
  {
    "image_url": "https://cdn.barbora.lt/products/6ba43b86-1c3e-44f9-95f4-5f0458b16bd5_m.png",
    "title": "Tarkuotas kietasis sūris salotoms DŽIUGAS MIX, 40% rieb.s.m., 200 g",
    "price": "1.99",
    "price_2": "9,95€/kg",
    "extra_info": "–36%"
  },
  {
    "image_url": "https://cdn.barbora.lt/products/abe87b2a-fb94-42b5-be66-c80737b6935b_m.png",
    "title": "Konservuotos sviestinės pupelės WELL DONE, 400 g",
    "price": "1.01",
    "price_2": "2,53€/kg",
    "extra_info": "–25%"
  },
  {
    "image_url": "https://cdn.barbora.lt/products/ebd43af8-2b4b-4d08-86bb-112971e34f34_m.png",
    "title": "Šaldyti žalieji žirneliai WELL DONE, 400 g",
    "price": "0.99",
    "price_2": "2,48€/kg",
    "extra_info": "–21%"
  },
  {
    "image_url": "https://cdn.barbora.lt/products/021e2dec-3279-4ee9-9226-1097bd8cf13c_m.png",
    "title": "Gabalinis tualetinis muilas DOVE ORIGINAL, 90 g",
    "price": "0.55",
    "price_2": "6,11€/kg",
    "extra_info": "–56%"
  },
  {
    "image_url": "https://cdn.barbora.lt/products/d78953df-2f95-466c-ad13-672a60ef9d71_m.png",
    "title": "Makaronai LA MOLISANA (radiatoriai), 500 g",
    "price": "1.07",
    "price_2": "2,14€/kg",
    "extra_info": "–40%"
  },
  {
    "image_url": "https://cdn.barbora.lt/products/c0cd7df5-dd79-4a10-a9a1-da1f4e7201a9_m.png",
    "title": "Šaldyti KARALIŠKIEJI koldūnai LIŪTUKAS IR KO, 800 g",
    "price": "3.09",
    "price_2": "3,86€/kg",
    "extra_info": "–50%"
  },
  {
    "image_url": "https://cdn.barbora.lt/products/39ee86e5-df72-4818-acd8-5c13c32e46b9_m.png",
    "title": "Migdolinis gėrimas be cukrų ALPRO, 1 l",
    "price": "2.3",
    "price_2": "2,3€/l",
    "extra_info": "–30%"
  },
  {
    "image_url": "https://cdn.barbora.lt/products/cb056372-e523-474c-9e4f-adfb055b9549_m.png",
    "title": "Vytinta ispaniška dešra FUETEC su pelėsiu, I r., 170 g",
    "price": "3.59",
    "price_2": null,
    "extra_info": "2 už 3,99€"
  },
  {
    "image_url": "https://cdn.barbora.lt/products/77a2639b-b43f-455f-b4f5-a570f0933b4e_m.png",
    "title": "Sūrio lazdelės MIAU, 40 % rieb. s. m., 100 g",
    "price": "1.55",
    "price_2": "15,5€/kg",
    "extra_info": "–40%"
  },
  {
    "image_url": "https://cdn.barbora.lt/products/b936cba4-c9fc-473a-8eb6-590c420ee29e_m.png",
    "title": "Šaltai rūkyti kiaulienos šoninės kubeliai MORLINY, a. r., 200 g",
    "price": "2.45",
    "price_2": null,
    "extra_info": "2 ar daugiau su –20%"
  },
  {
    "image_url": "https://cdn.barbora.lt/products/3bf3dec7-ca78-405b-8538-015a7711e389_m.png",
    "title": "Ekologiškas kefyras AUGA, 2,5 % rieb., 1 l",
    "price": "1.51",
    "price_2": "1,51€/l",
    "extra_info": "–20%"
  },
  {
    "image_url": "https://cdn.barbora.lt/products/186b609e-ddba-48b2-b2e6-d551427930f3_m.png",
    "title": "Gazuotas stalo vanduo NEPTŪNAS, žal. citr. ir aviečių skonio, 1.5 l",
    "price": "0.85",
    "price_2": null,
    "extra_info": "2 už 0,89€"
  },
  {
    "image_url": "https://cdn.barbora.lt/products/9576eead-0879-4f52-b3f3-574d3744b47b_m.png",
    "title": "Virtas kalakutienos kumpis, I r., 180 g",
    "price": "3.99",
    "price_2": null,
    "extra_info": "2 ar daugiau su –20%"
  },
  {
    "image_url": "https://cdn.barbora.lt/products/bc9caf67-e3a3-4d14-b0c8-8a2dc77b387c_m.png",
    "title": "Marinuoti agurkai WELL DONE, 6-9 cm, 680 g",
    "price": "1.75",
    "price_2": "2,57€/kg",
    "extra_info": "–20%"
  },
  {
    "image_url": "https://cdn.barbora.lt/products/bc97950b-5641-4ef5-89a2-02d429d1fb6a_m.png",
    "title": "LIETUVIŠKAS varškės sūris, 22 % rieb., 250 g",
    "price": "2.99",
    "price_2": "11,96€/kg",
    "extra_info": "–33%"
  },
  {
    "image_url": "https://cdn.barbora.lt/products/a0706fff-3954-414b-aefa-e8b71f9604ea_m.png",
    "title": "Visų grūdo dalių bemielė duona BEATOS VIRTUVĖ, 300 g",
    "price": "1.39",
    "price_2": "4,64€/kg",
    "extra_info": "–22%"
  },
  {
    "image_url": "https://cdn.barbora.lt/products/d7cb6df2-4199-4d6d-b0d9-9c7283119f9c_m.png",
    "title": "Šaldyti brokoliai WELL DONE, 400 g",
    "price": "1.29",
    "price_2": "3,23€/kg",
    "extra_info": "–22%"
  },
  {
    "image_url": "https://cdn.barbora.lt/products/f06bd098-b75f-40ce-9030-5e50660b5424_m.png",
    "title": "Sojų produktas maistui gaminti ALPRO, 250 ml",
    "price": "1.32",
    "price_2": "5,28€/l",
    "extra_info": "–30%"
  },
  {
    "image_url": "https://cdn.barbora.lt/products/2004dfe0-b2e2-489f-840a-5fce29e82be1_m.png",
    "title": "Šaldyti virtiniai JUDEX su bulvių ir rūkytos šoninės įdaru, 400 g",
    "price": "1.19",
    "price_2": "2,98€/kg",
    "extra_info": "–40%"
  },
  {
    "image_url": "https://cdn.barbora.lt/products/d9dfa848-2835-4dca-a015-12432dc95941_m.png",
    "title": "Virta GIMINIŲ DAKTARIŠKA dešra, a. r., 250 g",
    "price": "2.89",
    "price_2": null,
    "extra_info": "2 ar daugiau su –20%"
  },
  {
    "image_url": "https://cdn.barbora.lt/products/6fac95e7-6667-4595-8b73-82251654c771_m.png",
    "title": "LIETUVIŠKI viščiukų broilerių sparnų peteliai WELL DONE, 500 g",
    "price": "1.99",
    "price_2": "3,98€/kg",
    "extra_info": "–13%"
  },
  {
    "image_url": "https://cdn.barbora.lt/products/e378875f-d012-4f8d-a874-c308e949abd9_m.png",
    "title": "Sausainiai GAIDELIS KLASIKA, 160 g",
    "price": "0.75",
    "price_2": null,
    "extra_info": "2 už 0,99€"
  },
  {
    "image_url": "https://cdn.barbora.lt/products/94c7ba33-882e-4f41-90a5-2451d19102f2_m.png",
    "title": "Šaltai rūkytas GIMINIŲ saliamis, a. r., 90 g",
    "price": "1.99",
    "price_2": null,
    "extra_info": "2 ar daugiau su –20%"
  },
  {
    "image_url": "https://cdn.barbora.lt/products/46506def-784b-48ee-b0a9-d88ae9dbfa49_m.png",
    "title": "Gazuotas vanduo NEPTŪNAS, mėtų skonio, 1,5 l, 1.5 l",
    "price": "0.85",
    "price_2": null,
    "extra_info": "2 už 0,89€"
  },
  {
    "image_url": "https://cdn.barbora.lt/products/f4a55c3c-24c0-46a2-825e-556600373dc4_m.png",
    "title": "Sviestinių moliūgų sriuba ACTIVUS EKO, 400 g",
    "price": "1.31",
    "price_2": "3,28€/kg",
    "extra_info": "–40%"
  },
  {
    "image_url": "https://cdn.barbora.lt/products/5d278da2-7019-4441-85d5-638b5f4d61c0_m.png",
    "title": "Šaltyje džiovintų braškių griežinėliai SUMMMER, 11 g",
    "price": "1.99",
    "price_2": null,
    "extra_info": "2 už 1 kainą"
  },
  {
    "image_url": "https://cdn.barbora.lt/products/2cf14ae5-d274-449e-9939-c0f188593fd3_m.png",
    "title": "Kvietinės ORIGINAL tortilijos SANTA MARIA, 320 g",
    "price": "2.99",
    "price_2": null,
    "extra_info": "2 ar daugiau su –50%"
  },
  {
    "image_url": "https://cdn.barbora.lt/products/6c88218a-f52c-4049-a949-c6ddff6e38db_m.png",
    "title": "Ekologiškas pienas AUGA, 2,5 % rieb., 1 l",
    "price": "1.35",
    "price_2": "1,35€/l",
    "extra_info": "–20%"
  },
  {
    "image_url": "https://cdn.barbora.lt/products/04e38bdb-9fd8-4b67-a17a-a62782f0e56a_m.png",
    "title": "Šaldyti UŽKALNIO koldūnai JUDEX, 600 g",
    "price": "1.43",
    "price_2": "2,38€/kg",
    "extra_info": "–40%"
  },
  {
    "image_url": "https://cdn.barbora.lt/products/52ef8561-d4f8-4a71-bb79-d794e513dd19_m.png",
    "title": "Makaronai LA MOLISANA (straubliai), 500 g",
    "price": "1.07",
    "price_2": "2,14€/kg",
    "extra_info": "–40%"
  },
  {
    "image_url": "https://cdn.barbora.lt/products/ce0ed7dd-2088-4f68-85be-cfc3699a2602_m.png",
    "title": "Valgomasis ekologiškas jogurtas DOBILAS, 3,8 % rieb., 300 g",
    "price": "1.49",
    "price_2": "4,97€/kg",
    "extra_info": "–32%"
  },
  {
    "image_url": "https://cdn.barbora.lt/products/09928423-d3c4-4128-87ba-825e8ab6d7cf_m.png",
    "title": "Karštai rūkyta kiaulienos filė su kmynais, I r., 90 g",
    "price": "1.09",
    "price_2": "12,11€/kg",
    "extra_info": "–50%"
  },
  {
    "image_url": "https://cdn.barbora.lt/products/698c4514-ab72-4e96-bee0-7970b7c8f9c8_m.png",
    "title": "Ekol. jogurtas be laktozės su abrikosais ir braškėmis AUGA, 3,5 % rieb., 125 g",
    "price": "0.79",
    "price_2": "6,32€/kg",
    "extra_info": "–20%"
  },
  {
    "image_url": "https://cdn.barbora.lt/products/7ee0b090-0b71-41b7-940f-5809b6115e0c_m.png",
    "title": "Avinžirniai be skysčio ACTIVUS EKO, 150 g",
    "price": "0.89",
    "price_2": "5,93€/kg",
    "extra_info": "–40%"
  },
  {
    "image_url": "https://cdn.barbora.lt/products/d6ce8ac8-3793-414d-96e4-b25350fbfde9_m.png",
    "title": "Avižų gėrimas ALPRO BARISTA, 1 l",
    "price": "2.58",
    "price_2": "2,58€/l",
    "extra_info": "–30%"
  },
  {
    "image_url": "https://cdn.barbora.lt/products/f8500f13-bc93-4db8-b2d6-348d23430798_m.png",
    "title": "Makaronai LA MOLISANA PENNE RIGATE Nr. 20 (vamzdeliai), 500 g",
    "price": "1.07",
    "price_2": "2,14€/kg",
    "extra_info": "–40%"
  },
  {
    "image_url": "https://cdn.barbora.lt/products/69d3c72a-43ac-469a-93c3-8f8160ff9e46_m.png",
    "title": "Atitirpintos viso grūdo duonelės TOSTE, 220 g",
    "price": "1.19",
    "price_2": "5,41€/kg",
    "extra_info": "–20%"
  },
  {
    "image_url": "https://cdn.barbora.lt/products/b85e9f76-704f-4c3a-a4f9-d0d823919532_m.png",
    "title": "Makaronai LA MOLISANA FARFALLE RIGATE Nr. 66 (kaspinėliai), 500 g",
    "price": "1.07",
    "price_2": "2,14€/kg",
    "extra_info": "–40%"
  },
  {
    "image_url": "https://cdn.barbora.lt/products/60a12784-8b0f-4c71-ac7b-d4517fa55b0f_m.png",
    "title": "Virtos SAMSONIUKŲ dešrelės, a. r., 210 g",
    "price": "1.85",
    "price_2": "8,81€/kg",
    "extra_info": "–40%"
  },
  {
    "image_url": "https://cdn.barbora.lt/products/a02ad06f-26c1-4c45-9428-0a79b8c591d2_m.png",
    "title": "Ekol. jogurtas be laktozės su su mėlynėmis ir avietėmis AUGA, 3,5 % rieb., 125 g",
    "price": "0.79",
    "price_2": "6,32€/kg",
    "extra_info": "–20%"
  },
  {
    "image_url": "https://cdn.barbora.lt/products/0f4842be-fc42-48fb-8e97-7c8cb81a914a_m.png",
    "title": "Burokėlių sriuba ACTIVUS EKO, 400 g",
    "price": "1.31",
    "price_2": "3,28€/kg",
    "extra_info": "–40%"
  },
  {
    "image_url": "https://cdn.barbora.lt/products/f431fd48-78c2-4100-8558-e6aaef908f81_m.png",
    "title": "Pudingas VALIO PROFEEL, pieninio šokolado sk., 2,4 % rieb., 150 g",
    "price": "1.11",
    "price_2": "7,4€/kg",
    "extra_info": "–20%"
  },
  {
    "image_url": "https://cdn.barbora.lt/products/ec31e297-8719-4c72-8f19-390296610129_m.png",
    "title": "Vytinta pjaustyta BERNŲ dešra, a. r., 90 g",
    "price": "3.19",
    "price_2": null,
    "extra_info": "2 ar daugiau su –20%"
  },
  {
    "image_url": "https://cdn.barbora.lt/products/e6031a1b-db96-413a-9016-913ffca99ca2_m.png",
    "title": "Ekologiškas vištienos sultinys MAGGI, 80 g",
    "price": "1.79",
    "price_2": "22,38€/kg",
    "extra_info": "–40%"
  },
  {
    "image_url": "https://cdn.barbora.lt/products/e0a1a501-653f-4d4e-a3ee-07c2c36dee4c_m.png",
    "title": "Bulviniai virtiniai LA MOLISANA, 500 g",
    "price": "1.07",
    "price_2": "2,14€/kg",
    "extra_info": "–40%"
  },
  {
    "image_url": "https://cdn.barbora.lt/products/8cec3403-2c20-4a7f-9c69-4b6c6fa96571_m.png",
    "title": "Džiovinti mangai GĖRYBIŲ RAGAS, 500 g",
    "price": "3.99",
    "price_2": "7,98€/kg",
    "extra_info": "–33%"
  },
  {
    "image_url": "https://cdn.barbora.lt/products/c1d6493d-3d29-471a-96f2-e138f5191a8c_m.png",
    "title": "Sausainiai LOVITA ROSHEN su šokolado gabaliukais, 150 g",
    "price": "1.29",
    "price_2": null,
    "extra_info": "2 ar daugiau su –25%"
  },
  {
    "image_url": "https://cdn.barbora.lt/products/2dbe9d14-79ae-4afc-861e-42f3efe1af36_m.png",
    "title": "Karštai rūkytas KLAIPĖDOS kiaulienos kumpis, a. r., 100 g",
    "price": "1.35",
    "price_2": "13,5€/kg",
    "extra_info": "–20%"
  },
  {
    "image_url": "https://cdn.barbora.lt/products/0d50cf21-df05-4ba5-b8a1-248f8c087033_m.png",
    "title": "Prancūziška skrudinamoji duona TOSTE, 500 g",
    "price": "1.89",
    "price_2": "3,78€/kg",
    "extra_info": "–21%"
  },
  {
    "image_url": "https://cdn.barbora.lt/products/021fd4f6-cb31-4a16-b498-01f781d03126_m.png",
    "title": "Karštai rūkytas VILNIAUS servelatas, a. r., 100 g",
    "price": "1.79",
    "price_2": null,
    "extra_info": "2 ar daugiau su –20%"
  },
  {
    "image_url": "https://cdn.barbora.lt/products/02e43926-22a0-45e6-8e68-4d91bdfa7890_m.png",
    "title": "Konservuotos raudonosios pupelės WELL DONE, 400 g",
    "price": "1.01",
    "price_2": "2,53€/kg",
    "extra_info": "–25%"
  },
  {
    "image_url": "https://cdn.barbora.lt/products/fd672a69-027e-43ed-8349-4b19b333ec77_m.png",
    "title": "Raudonosios pupelės be skysčio ACTIVUS EKO, 150 g",
    "price": "0.89",
    "price_2": "5,93€/kg",
    "extra_info": "–40%"
  },
  {
    "image_url": "https://cdn.barbora.lt/products/e6c87088-ba00-4b2c-9901-867e490569f3_m.png",
    "title": "Skystasis spalvotų audinių skalbiklis NEUTRAL, 1 l",
    "price": "5.75",
    "price_2": "5,75€/l",
    "extra_info": "–40%"
  },
  {
    "image_url": "https://cdn.barbora.lt/products/7dfd703c-3879-409a-8e1a-ef18ac49a5d6_m.png",
    "title": "Plikyti sausainiai ROLANTA, 250 g",
    "price": "2.15",
    "price_2": null,
    "extra_info": "2 ar daugiau su –25%"
  },
  {
    "image_url": "https://cdn.barbora.lt/products/362eba0c-41ad-47d5-962c-806deedb9da6_m.png",
    "title": "Grūdėtoji varškė be laktozės ALMA, 5 % rieb., 200 g",
    "price": "1.49",
    "price_2": null,
    "extra_info": "2 už 2,65€"
  },
  {
    "image_url": "https://cdn.barbora.lt/products/c89a7c5c-c813-47da-a07c-83fa0bb31299_m.png",
    "title": "Šaldyti Sibirietiški koldūnai JUDEX su mėsos įdaru, 2 kg",
    "price": "3.57",
    "price_2": "1,79€/kg",
    "extra_info": "–40%"
  },
  {
    "image_url": "https://cdn.barbora.lt/products/9e12ba6d-33dc-43bc-bcc1-c9589fcac93e_m.png",
    "title": "Šaltai rūkytas pjaustytas česnakinis saliamis, II r., 110 g",
    "price": "1.69",
    "price_2": "15,36€/kg",
    "extra_info": "–26%"
  },
  {
    "image_url": "https://cdn.barbora.lt/products/82abc793-39e4-4db4-94c0-a3e2ec8dd2a6_m.png",
    "title": "Ekol. natūralus jogurtas be laktozės AUGA, 4,3 % rieb., 125 g",
    "price": "0.79",
    "price_2": "6,32€/kg",
    "extra_info": "–20%"
  },
  {
    "image_url": "https://cdn.barbora.lt/products/68a48f67-e997-43a4-9f80-1176a7c8b5e0_m.png",
    "title": "Pudingas VALIO PROFEEL, balto šokolado ir riešutų sk., 2,4 % rieb., 150 g",
    "price": "1.11",
    "price_2": "7,4€/kg",
    "extra_info": "–20%"
  },
  {
    "image_url": "https://cdn.barbora.lt/products/637d4377-bda3-413b-aa7d-5533fc0f7a42_m.png",
    "title": "Persiladas SANTA MARIA, 35 g",
    "price": "0.99",
    "price_2": null,
    "extra_info": "2 ar daugiau su –50%"
  },
  {
    "image_url": "https://cdn.barbora.lt/products/2778c967-a0a2-4fc2-a325-ff822a1b04d8_m.png",
    "title": "Marinuoti agurkėliai WELL DONE, 680 g",
    "price": "1.75",
    "price_2": "2,57€/kg",
    "extra_info": "–20%"
  },
  {
    "image_url": "https://cdn.barbora.lt/products/1b7473bd-bb5f-4cfe-a6ae-5082fd2d069f_m.png",
    "title": "Makaronai LA MOLISANA, vermišeliai Nr. 60, 500 g",
    "price": "1.07",
    "price_2": "2,14€/kg",
    "extra_info": "–40%"
  },
  {
    "image_url": "https://cdn.barbora.lt/products/c6693cd6-dc96-4e92-b379-361b1121af51_m.png",
    "title": "Smulkiavaisiai slyviniai pomidorai WELL DONE, 250 g",
    "price": "1.49",
    "price_2": "5,96€/kg",
    "extra_info": "–42%"
  },
  {
    "image_url": "https://cdn.barbora.lt/products/df973d69-740c-4112-8417-8cd3fef02d60_m.png",
    "title": "Didelės kviečių tortilijos SANTA MARIA TEX MEX, 6 vnt., 371 g",
    "price": "3.39",
    "price_2": null,
    "extra_info": "2 ar daugiau su –50%"
  },
  {
    "image_url": "https://cdn.barbora.lt/products/78a0d3ae-4471-4790-bddc-e5f848c05d88_m.png",
    "title": "Kokosų gėrimas ALPRO BARISTA, 1 l",
    "price": "2.58",
    "price_2": "2,58€/l",
    "extra_info": "–30%"
  },
  {
    "image_url": "https://cdn.barbora.lt/products/5abe20fe-eb4d-4496-a2ed-cf5e3f787f51_m.png",
    "title": "Ekol. jogurtas be laktozės su su mėlynėmis ir avietėmis AUGA, 3,5 % rieb., 350 g",
    "price": "1.59",
    "price_2": "4,55€/kg",
    "extra_info": "–20%"
  },
  {
    "image_url": "https://cdn.barbora.lt/products/5d800b4d-27e1-46a0-a93d-2338d7e7fd6a_m.png",
    "title": "Vytintas ispaniškas kumpis SERRANO WELL DONE, pj., nerūš., 100 g",
    "price": "2.49",
    "price_2": null,
    "extra_info": "2 ar daugiau su –20%"
  },
  {
    "image_url": "https://cdn.barbora.lt/products/e126de97-10ff-4955-8fa5-a9c2b03eaa45_m.png",
    "title": "Daržovių sriuba MINESTRONE ACTIVUS EKO, 400 g",
    "price": "1.31",
    "price_2": "3,28€/kg",
    "extra_info": "–40%"
  },
  {
    "image_url": "https://cdn.barbora.lt/products/99821512-0915-4c86-8639-be8a65eadaa5_m.png",
    "title": "Karštai rūkytas GIMINIŲ servelatas, a. r., 200 g",
    "price": "3.19",
    "price_2": null,
    "extra_info": "2 ar daugiau su –20%"
  },
  {
    "image_url": "https://cdn.barbora.lt/products/b0886444-7cc3-4032-83ba-103fb3ebb39c_m.png",
    "title": "Šaltai rūkyta šoninė WELL DONE, 100 g",
    "price": "1.19",
    "price_2": null,
    "extra_info": "2 ar daugiau su –20%"
  },
  {
    "image_url": "https://cdn.barbora.lt/products/3779fd60-9fd7-4375-a0f7-0330815da2bc_m.png",
    "title": "Vištienos sultinys MAGGI, 160 g, 160 g",
    "price": "1.19",
    "price_2": "7,44€/kg",
    "extra_info": "–40%"
  },
  {
    "image_url": "https://cdn.barbora.lt/products/eb7d65ca-8aec-4336-9dda-1f5383629f74_m.png",
    "title": "Migdolų gėrimas ALPRO BARISTA, 1 l",
    "price": "2.58",
    "price_2": "2,58€/l",
    "extra_info": "–30%"
  },
  {
    "image_url": "https://cdn.barbora.lt/products/ebaea9e1-4b0f-4a45-985f-1bf8bc995583_m.png",
    "title": "Virtas pjaustytas jautienos kumpis, I r., 90 g",
    "price": "2.69",
    "price_2": null,
    "extra_info": "2 ar daugiau su –20%"
  },
  {
    "image_url": "https://cdn.barbora.lt/products/a2001ddb-2195-4e9a-a105-12b08c45383b_m.png",
    "title": "Šaldyti žiediniai kopūstai WELL DONE, 400 g",
    "price": "0.95",
    "price_2": "2,38€/kg",
    "extra_info": "–20%"
  },
  {
    "image_url": "https://cdn.barbora.lt/products/78d3729a-aa29-409d-8275-0a27360cef0d_m.png",
    "title": "Šaldyti koldūnai BEATOS VIRTUVĖ su kiauliena, 800 g",
    "price": "3.39",
    "price_2": "4,24€/kg",
    "extra_info": "–50%"
  },
  {
    "image_url": "https://cdn.barbora.lt/products/798b725d-b9ec-4149-895c-215b8351c705_m.png",
    "title": "Karštai rūkyta KLAIPĖDOS kiaulienos nugarinė, a. r., 100 g",
    "price": "2.19",
    "price_2": "21,9€/kg",
    "extra_info": "–22%"
  },
  {
    "image_url": "https://cdn.barbora.lt/products/0a780151-a291-425b-9791-36be34ab0ffc_m.png",
    "title": "Raudonosios vynuogės, 1 kg",
    "price": "3.69",
    "price_2": "3,69€/kg",
    "extra_info": "–26%"
  },
  {
    "image_url": "https://cdn.barbora.lt/products/769da200-b7eb-488a-8813-24d12a771dc8_m.png",
    "title": "Baltyminis pudingas VALIO PROFEEL, tiramisu sk., 2,5 % rieb., 150 g",
    "price": "1.11",
    "price_2": "7,4€/kg",
    "extra_info": "–20%"
  },
  {
    "image_url": "https://cdn.barbora.lt/products/3ee17106-f09d-419d-8f82-e140de890dbd_m.png",
    "title": "Pyragėliai BARNI su pieniniu įdaru, 150 g",
    "price": "2.69",
    "price_2": null,
    "extra_info": "2 ar daugiau su –25%"
  },
  {
    "image_url": "https://cdn.barbora.lt/products/437665d0-303c-4226-b59b-548a9492eae4_m.png",
    "title": "Ekologiškos sūrio lazdelės MIAU, 40 % rieb. s. m., 270 g",
    "price": "3.99",
    "price_2": "14,78€/kg",
    "extra_info": "–23%"
  },
  {
    "image_url": "https://cdn.barbora.lt/products/1c21dee7-265f-4429-b6dd-e1b1bc41d10e_m.png",
    "title": "Vištienos sultinys MAGGI su krapais ir petraž. (12 x 10 g), 120 g",
    "price": "0.71",
    "price_2": "5,92€/kg",
    "extra_info": "–40%"
  },
  {
    "image_url": "https://cdn.barbora.lt/products/eec26dad-5f89-4713-858a-1bd3d0319856_m.png",
    "title": "DZŪKIJOS KAIMIŠKI sausainiai su sviestu, 255 g",
    "price": "1.79",
    "price_2": null,
    "extra_info": "2 ar daugiau su –25%"
  },
  {
    "image_url": "https://cdn.barbora.lt/products/8ca02440-0574-4088-995f-22d01e18a701_m.png",
    "title": "Braškinis pieno gėrimas MIAU, 2,3 % rieb., steriziluotas, 450 ml",
    "price": "1.19",
    "price_2": "2,65€/l",
    "extra_info": "–32%"
  },
  {
    "image_url": "https://cdn.barbora.lt/products/731c2516-927d-46d0-bbc7-b7790b7fe04e_m.png",
    "title": "Pjaust. karštai rūkyta kiaulienos nugarinė WELL DONE, a. r., 100 g",
    "price": "1.79",
    "price_2": null,
    "extra_info": "2 ar daugiau su –20%"
  },
  {
    "image_url": "https://cdn.barbora.lt/products/4d1ab543-9455-44be-908b-404465fad259_m.png",
    "title": "Valgom. ROKIŠKIO jogurtas BIFI su braškėmis, granola, 6 %, 200 g",
    "price": "1.09",
    "price_2": "5,45€/kg",
    "extra_info": "–25%"
  },
  {
    "image_url": "https://cdn.barbora.lt/products/d5894f45-2392-4a75-bae9-dca872a1ca30_m.png",
    "title": "Sausainiai LOVITA ROSHEN su kakava ir šokolado gabaliukais, 150 g",
    "price": "1.29",
    "price_2": null,
    "extra_info": "2 ar daugiau su –25%"
  },
  {
    "image_url": "https://cdn.barbora.lt/products/93b9e198-0b39-4cb9-8e98-f8e3103addd5_m.png",
    "title": "Šventinis SENOLIŲ varškės sūris su kmynais, 20 % rieb. s. m., 1 kg",
    "price": "12.99",
    "price_2": "12,99€/kg",
    "extra_info": "–21%"
  },
  {
    "image_url": "https://cdn.barbora.lt/products/877e120e-5212-4f30-b559-8ad6d9f9687c_m.png",
    "title": "Lęšių sriuba ACTIVUS EKO, 400 g",
    "price": "1.31",
    "price_2": "3,28€/kg",
    "extra_info": "–40%"
  },
  {
    "image_url": "https://cdn.barbora.lt/products/e56cb962-dc68-4119-9e43-a811bdea045b_m.png",
    "title": "Fermentuot. kokosų produktas ALPRO, sūdytos karamelės skonio, 120 g",
    "price": "1.18",
    "price_2": "9,83€/kg",
    "extra_info": "–30%"
  },
  {
    "image_url": "https://cdn.barbora.lt/products/d74172bb-8b98-4d60-98d7-ec66ddae0319_m.png",
    "title": "Juodosios pupelės be skysčio ACTIVUS, 150 g",
    "price": "0.89",
    "price_2": "5,93€/kg",
    "extra_info": "–40%"
  },
  {
    "image_url": "https://cdn.barbora.lt/products/8cef9602-c5fc-4edb-a924-9557496158c2_m.png",
    "title": "Avižiniai sausainiai JAVINĖ, 350 g",
    "price": "2.45",
    "price_2": null,
    "extra_info": "2 ar daugiau su –25%"
  },
  {
    "image_url": "https://cdn.barbora.lt/products/4165567e-f706-4845-a5c1-bd90dd19308a_m.png",
    "title": "Šaltai rūkytas pjaustytas JUODASIS kumpis, a. r., 110 g",
    "price": "3.69",
    "price_2": null,
    "extra_info": "2 ar daugiau su –20%"
  },
  {
    "image_url": "https://cdn.barbora.lt/products/eade74de-661e-4aca-825b-0241ef03d455_m.png",
    "title": "Maltos saldžiosios paprikos SANTA MARIA, 22 g",
    "price": "0.99",
    "price_2": null,
    "extra_info": "2 ar daugiau su –50%"
  },
  {
    "image_url": "https://cdn.barbora.lt/products/5c7c1c97-5091-41a0-b419-11317491cdca_m.png",
    "title": "Marinuoti maži agurkėliai WELL DONE, 340 g",
    "price": "1.59",
    "price_2": "4,67€/kg",
    "extra_info": "–20%"
  },
  {
    "image_url": "https://cdn.barbora.lt/products/17bcbd71-fd90-4b85-8778-abd4ba281047_m.png",
    "title": "Baltyminiai putėsiai VALIO PROFEEL, šokolado skonio, 1,8 %, 150 g",
    "price": "1.59",
    "price_2": "10,6€/kg",
    "extra_info": "–20%"
  },
  {
    "image_url": "https://cdn.barbora.lt/products/489502bc-4422-4392-8ebf-f28b9790b150_m.png",
    "title": "JAVINĖS meduoliai PRIE KAVOS, 250 g",
    "price": "1.89",
    "price_2": null,
    "extra_info": "2 ar daugiau su –25%"
  },
  {
    "image_url": "https://cdn.barbora.lt/products/b37a6015-08c1-4817-84dc-be2f58a2d5b3_m.png",
    "title": "Kasdieniai riestainiai JAVINĖ, 300 g",
    "price": "1.85",
    "price_2": null,
    "extra_info": "2 ar daugiau su –25%"
  },
  {
    "image_url": "https://cdn.barbora.lt/products/1914cde4-6a10-4e52-8df5-b98c58c4e02b_m.png",
    "title": "Rankų darbo itališka čiabata su mažai cukrų, 300 g",
    "price": "0.99",
    "price_2": "3,3€/kg",
    "extra_info": "–17%"
  },
  {
    "image_url": "https://cdn.barbora.lt/products/750c4a85-b58a-45b2-8426-0f6b41581a0a_m.png",
    "title": "Aštri pupelių sriuba su jautiena ACTIVUS, 400 g",
    "price": "1.79",
    "price_2": "4,48€/kg",
    "extra_info": "–40%"
  },
  {
    "image_url": "https://cdn.barbora.lt/products/1bd56021-a0da-405c-ab92-310245da104e_m.png",
    "title": "Šaldyti maži čeburekai JUDEX su mėsos įdaru, 500 g",
    "price": "1.31",
    "price_2": "2,62€/kg",
    "extra_info": "–40%"
  },
  {
    "image_url": "https://cdn.barbora.lt/products/1c5d1e8f-f2e7-437b-8f0d-ebc54d33fabc_m.png",
    "title": "Trinta pievagrybių sriuba ACTIVUS EKO, 400 g",
    "price": "1.31",
    "price_2": "3,28€/kg",
    "extra_info": "–40%"
  },
  {
    "image_url": "https://cdn.barbora.lt/products/509b72c0-8ccd-4129-aec2-d9fd01abe11d_m.png",
    "title": "Šokoladinis pieno gėrimas MIAU, 2,6 % rieb., sterilizuotas, 450 ml",
    "price": "1.19",
    "price_2": "2,65€/l",
    "extra_info": "–32%"
  },
  {
    "image_url": "https://cdn.barbora.lt/products/25200dab-d44b-45da-a358-e6bc5d43c584_m.png",
    "title": "Tamsi duona MORTA su raugu ir saulėgrąžomis, 500 g",
    "price": "1.35",
    "price_2": "2,7€/kg",
    "extra_info": "–20%"
  },
  {
    "image_url": "https://cdn.barbora.lt/products/4b66e411-088c-4171-9260-a60b35357a8e_m.png",
    "title": "Takų prieskonių mišinys SANTA MARIA TEX MEX, 28 g",
    "price": "1.29",
    "price_2": null,
    "extra_info": "2 ar daugiau su –50%"
  },
  {
    "image_url": "https://cdn.barbora.lt/products/397add33-6244-4e9e-9024-b21e77fbf342_m.png",
    "title": "Ekologiški česnakų milteliai SANTA MARIA, 46 g",
    "price": "3.29",
    "price_2": null,
    "extra_info": "2 ar daugiau su –50%"
  },
  {
    "image_url": "https://cdn.barbora.lt/products/89b80af0-8408-46a8-bb43-1cfbf299449b_m.png",
    "title": "Sausainiai OREO MINI ORIGINAL, 160 g",
    "price": "1.79",
    "price_2": "11,19€/kg",
    "extra_info": "–40%"
  },
  {
    "image_url": "https://cdn.barbora.lt/products/c0c25185-ba60-4ce9-8f31-8f82624b48f0_m.png",
    "title": "Ferment. sojų produktas su mangais ALPRO, nepridėta cukrų, 400 g",
    "price": "1.95",
    "price_2": "4,88€/kg",
    "extra_info": "–30%"
  },
  {
    "image_url": "https://cdn.barbora.lt/products/8670ecf3-0a3d-45e4-9fa6-3fc8a106b8ba_m.png",
    "title": "Kokosų gėrimas su migdolais ALPRO, 1 l",
    "price": "2.3",
    "price_2": "2,3€/l",
    "extra_info": "–30%"
  },
  {
    "image_url": "https://cdn.barbora.lt/products/a484110d-fa22-49a6-ab62-5774904ffd27_m.png",
    "title": "Makaronų ruošinys MAGGI IDEA (SPAGHETTI BOLOGNESE), 44 g",
    "price": "0.59",
    "price_2": "13,41€/kg",
    "extra_info": "–40%"
  },
  {
    "image_url": "https://cdn.barbora.lt/products/8990518b-5f6d-47b5-806e-9840e4be955d_m.png",
    "title": "Šaldytas meksikietiškas daržovių mišinys WELL DONE, 400 g",
    "price": "0.99",
    "price_2": "2,48€/kg",
    "extra_info": "–21%"
  },
  {
    "image_url": "https://cdn.barbora.lt/products/d1351cd6-d405-4284-9280-03d7e2b2d942_m.png",
    "title": "Avižų gėrimas ALPRO, 1 l",
    "price": "2.3",
    "price_2": "2,3€/l",
    "extra_info": "–30%"
  },
  {
    "image_url": "https://cdn.barbora.lt/products/87f7de00-57c1-4a93-9ced-deee10bf9e01_m.png",
    "title": "Kukurūzų užkandis CHEETOS SPIRALS, kečupo ir sūrio skonio, 145 g",
    "price": "1.29",
    "price_2": "8,9€/kg",
    "extra_info": "–50%"
  },
  {
    "image_url": "https://cdn.barbora.lt/products/c86efa60-4a59-442a-8d94-5482cce70091_m.png",
    "title": "Ramunėlių žiedų arbata ŽOLYNĖLIS, 24 g",
    "price": "1.49",
    "price_2": null,
    "extra_info": "2 ar daugiau su –25%"
  },
  {
    "image_url": "https://cdn.barbora.lt/products/0605d1b6-97e7-4730-bb09-f51b476fe098_m.png",
    "title": "AGOTOS TYRA juoda duona su rugių branduoliais, saulėgrąžomis, 340 g",
    "price": "0.89",
    "price_2": "2,62€/kg",
    "extra_info": "–18%"
  },
  {
    "image_url": "https://cdn.barbora.lt/products/2419d327-c9e2-42d1-aab7-cacec0fd2575_m.png",
    "title": "Vafliai ROSHEN su pieno skonio įdaru, 216 g",
    "price": "1.79",
    "price_2": null,
    "extra_info": "2 ar daugiau su –25%"
  },
  {
    "image_url": "https://cdn.barbora.lt/products/48d5f1e6-0b88-4c7d-810b-7c8530c68285_m.png",
    "title": "Imbieriniai sausainiai ANNA'S, 150 g",
    "price": "2.09",
    "price_2": null,
    "extra_info": "2 ar daugiau su –25%"
  },
  {
    "image_url": "https://cdn.barbora.lt/products/462c79dc-2584-46b0-8b82-37a60dbf244b_m.png",
    "title": "Šaldytos mažos morkytės WELL DONE, 400 g",
    "price": "1.59",
    "price_2": "3,98€/kg",
    "extra_info": "–20%"
  },
  {
    "image_url": "https://cdn.barbora.lt/products/0ee71977-03fb-4fbc-82b9-9a95d3aefd34_m.png",
    "title": "S. JASINEVIČIAUS saldaus pieno sūris, 22 % rieb. s. m., 1 kg",
    "price": "12.49",
    "price_2": "12,49€/kg",
    "extra_info": "–10%"
  },
  {
    "image_url": "https://cdn.barbora.lt/products/923c0a28-8302-4718-9645-a5a0c8ea4c5c_m.png",
    "title": "Mažosios kviečių tortilijos SANTA MARIA TEX MEX, 8 vnt., 200 g",
    "price": "2.29",
    "price_2": null,
    "extra_info": "2 ar daugiau su –50%"
  },
  {
    "image_url": "https://cdn.barbora.lt/products/c0659fba-12ef-4a92-8991-3379daa33acc_m.png",
    "title": "Kokosų gėrimas SANTA MARIA, rieb. 18 %, 250 ml",
    "price": "2.49",
    "price_2": null,
    "extra_info": "2 ar daugiau su –50%"
  },
  {
    "image_url": "https://cdn.barbora.lt/products/e399cd5e-327c-4c4e-b4f1-4f2b1b6b96d5_m.png",
    "title": "Virta kiaulienos dešra WELL DONE, a. r., 200 g",
    "price": "1.59",
    "price_2": null,
    "extra_info": "2 ar daugiau su –20%"
  },
  {
    "image_url": "https://cdn.barbora.lt/products/e15427ef-ed18-429b-b002-785bbaffdea5_m.png",
    "title": "Virta VAIKŲ dešra, a. r., 250 g",
    "price": "3.29",
    "price_2": null,
    "extra_info": "2 ar daugiau su –20%"
  },
  {
    "image_url": "https://cdn.barbora.lt/products/13e52f84-121d-4c40-b029-86eeec1985aa_m.png",
    "title": "Ruginė sumuštinių duona TOSTE, 370 g",
    "price": "1.69",
    "price_2": "4,57€/kg",
    "extra_info": "–19%"
  },
  {
    "image_url": "https://cdn.barbora.lt/products/eff76cc4-5b8a-47ab-a3c3-0cd61cddc064_m.png",
    "title": "Karštai rūkytas GIMINIŲ saliamis (griežinėliai), I r., 100 g",
    "price": "1.29",
    "price_2": null,
    "extra_info": "2 ar daugiau su –20%"
  },
  {
    "image_url": "https://cdn.barbora.lt/products/edd07183-8bc5-4447-ac50-addc4036bee0_m.png",
    "title": "Apvalūs vaflių lakštai KLAIPĖDOS DUONA, 90 g",
    "price": "1.29",
    "price_2": null,
    "extra_info": "2 ar daugiau su –25%"
  },
  {
    "image_url": "https://cdn.barbora.lt/products/bad7ed1b-51bc-4f12-ad13-a8506e7650e3_m.png",
    "title": "Vytintos dešros SALCHICHON ir CHORIZO WELL DONE, nerūš., 80 g",
    "price": "1.69",
    "price_2": null,
    "extra_info": "2 ar daugiau su –20%"
  },
  {
    "image_url": "https://cdn.barbora.lt/products/e499870d-53eb-4492-bf1c-1689ad66be85_m.png",
    "title": "Vištienos prieskoniai SANTA MARIA, 30 g",
    "price": "0.99",
    "price_2": null,
    "extra_info": "2 ar daugiau su –50%"
  },
  {
    "image_url": "https://cdn.barbora.lt/products/99b33fe6-9aab-4f4d-a5fd-4f0506d3bb07_m.png",
    "title": "Ypač tyras alyvuogių aliejus BASSO, 750 ml",
    "price": "6.89",
    "price_2": "9,19€/l",
    "extra_info": "–40%"
  },
  {
    "image_url": "https://cdn.barbora.lt/products/2ebaa03d-9551-4fbc-9cf3-5ccde6e23c1d_m.png",
    "title": "Šaldyti virtiniai JUDEX TINGINIAI, 500 g",
    "price": "1.41",
    "price_2": "2,82€/kg",
    "extra_info": "–40%"
  },
  {
    "image_url": "https://cdn.barbora.lt/products/d50a715e-dc41-44b6-82b4-ccdd851d7986_m.png",
    "title": "Glaistytas varškės sūrelis su karamelizuotu saldintu sutirštintu pienu, 21 % rieb., WELL DONE, 45 g",
    "price": "0.45",
    "price_2": null,
    "extra_info": "3 už 0,99€"
  },
  {
    "image_url": "https://cdn.barbora.lt/products/02c9f70a-e4e5-41f4-bd86-5cf8e56ebbc1_m.png",
    "title": "Vytintas SERRANO kumpis, pjaustytas, JAMONDOR, I r., 100 g",
    "price": "2.79",
    "price_2": null,
    "extra_info": "2 ar daugiau su –20%"
  },
  {
    "image_url": "https://cdn.barbora.lt/products/2482c5f6-8a78-4b02-943e-410ab9221ddd_m.png",
    "title": "Baltyminiai putėsiai su avietėmis VALIO PROFEEL, 0,9 % rieb., 150 g",
    "price": "1.59",
    "price_2": "10,6€/kg",
    "extra_info": "–20%"
  },
  {
    "image_url": "https://cdn.barbora.lt/products/5c36fd14-4199-4437-837d-f3c9aec19c11_m.png",
    "title": "Rudieji lęšiai be skysčio ACTIVUS EKO, 150 g",
    "price": "0.89",
    "price_2": "5,93€/kg",
    "extra_info": "–40%"
  },
  {
    "image_url": "https://cdn.barbora.lt/products/91a8a7f8-e784-496e-ae54-eea7669dbd04_m.png",
    "title": "Ekologiška pusriebė varškė DOBILAS, 9 % rieb., 1 kg",
    "price": "6.85",
    "price_2": "6,85€/kg",
    "extra_info": "–30%"
  },
  {
    "image_url": "https://cdn.barbora.lt/products/abad60b0-5f15-4f4e-9db3-c1653ee21dfb_m.png",
    "title": "Aštri sriuba su kariu ACTIVUS EKO, 400 g",
    "price": "1.31",
    "price_2": "3,28€/kg",
    "extra_info": "–40%"
  },
  {
    "image_url": "https://cdn.barbora.lt/products/47388ea9-f29a-4cf1-a7b7-611e2e8897a4_m.png",
    "title": "Dantų siūlas JORDAN 3 IN 1 su laikikliu, 50 vnt.",
    "price": "2.99",
    "price_2": null,
    "extra_info": "2 ar daugiau su –40%"
  },
  {
    "image_url": "https://cdn.barbora.lt/products/c9841aca-3947-4e19-952b-58d5ad8007c8_m.png",
    "title": "Makaronai LA MOLISANA (maži kaspinėliai), 500 g",
    "price": "1.07",
    "price_2": "2,14€/kg",
    "extra_info": "–40%"
  },
  {
    "image_url": "https://cdn.barbora.lt/products/4696b9a8-f2ea-4092-94c5-d5ada3e2295c_m.png",
    "title": "Šviežios vištienos dešrelės su žolelėmis WELL DONE, 400 g",
    "price": "2.49",
    "price_2": "6,23€/kg",
    "extra_info": "–24%"
  },
  {
    "image_url": "https://cdn.barbora.lt/products/68e9f30c-2304-4934-af17-24a0cbcf9bde_m.png",
    "title": "Glaistytas varškės sūrelis su želės gabaliukais, 21 % rieb., WELL DONE, 45 g",
    "price": "0.45",
    "price_2": null,
    "extra_info": "3 už 0,99€"
  },
  {
    "image_url": "https://cdn.barbora.lt/products/49c78191-22af-4d8e-a172-8c984267be65_m.png",
    "title": "Pyragėliai BARNI su šokolado įdaru, 150 g",
    "price": "2.69",
    "price_2": null,
    "extra_info": "2 ar daugiau su –25%"
  },
  {
    "image_url": "https://cdn.barbora.lt/products/9fb71e9c-2db4-499b-b750-87ac272e1590_m.png",
    "title": "DZŪKIJOS sausainiai OBELĖLĖ, 270 g",
    "price": "1.99",
    "price_2": null,
    "extra_info": "2 ar daugiau su –25%"
  },
  {
    "image_url": "https://cdn.barbora.lt/products/8e4895a6-55d0-473c-a419-b90979a7ac41_m.png",
    "title": "Karštai rūkyta KREKENAVOS PANEVĖŽIO filė, I r., 1 kg",
    "price": "7.79",
    "price_2": "7,79€/kg",
    "extra_info": "–40%"
  },
  {
    "image_url": "https://cdn.barbora.lt/products/636b854f-a15b-408d-89a8-4f50e0a34a61_m.png",
    "title": "Vaisinė arbata ŽOLYNĖLIS su avietėmis, 20 vnt.",
    "price": "2.49",
    "price_2": null,
    "extra_info": "2 ar daugiau su –25%"
  },
  {
    "image_url": "https://cdn.barbora.lt/products/66040a55-089b-451b-b356-0305c0b42827_m.png",
    "title": "Aštri, veganiška pupelių sriuba ACTIVUS EKO, 400 g",
    "price": "1.31",
    "price_2": "3,28€/kg",
    "extra_info": "–40%"
  },
  {
    "image_url": "https://cdn.barbora.lt/products/e3b9b4dc-4eb2-4fdc-8de8-11e08a03fe47_m.png",
    "title": "Kokosų kremas SANTA MARIA, rieb. 24 %, 250 ml",
    "price": "3.39",
    "price_2": null,
    "extra_info": "2 ar daugiau su –50%"
  },
  {
    "image_url": "https://cdn.barbora.lt/products/0188acb0-b1ad-40f8-8ea3-90d491d85745_m.png",
    "title": "Virtos MAŽYLIŲ dešrelės su joduota druska, a. r., 210 g",
    "price": "1.79",
    "price_2": "8,52€/kg",
    "extra_info": "–40%"
  },
  {
    "image_url": "https://cdn.barbora.lt/products/0bdc79f6-c93c-4cc3-9637-e22d7b33c1e1_m.png",
    "title": "LUKŠIŲ rūkytas varškės sūris su česnakais, 22 % rieb. s. m., 230 g",
    "price": "2.99",
    "price_2": "13€/kg",
    "extra_info": "–33%"
  },
  {
    "image_url": "https://cdn.barbora.lt/products/bb0d1334-1e53-4328-8756-b70c16327f9b_m.png",
    "title": "Šaltai rūkytos GIMINIŲ šoninės kubeliai, a. r., 150 g",
    "price": "2.99",
    "price_2": null,
    "extra_info": "2 ar daugiau su –20%"
  },
  {
    "image_url": "https://cdn.barbora.lt/products/f9d26a9c-69e1-482e-baee-6a0ce729b081_m.png",
    "title": "Valgom. ekologiškas jogurtas DOBILAS su vanile, 3,2 % rieb., 125 g",
    "price": "0.75",
    "price_2": "6€/kg",
    "extra_info": "–31%"
  },
  {
    "image_url": "https://cdn.barbora.lt/products/209c6a20-6777-4ffa-94f5-b3a1802a871c_m.png",
    "title": "Šaldyti KARALIŠKIEJI koldūnai LIŪTUKAS IR KO, 400 g",
    "price": "1.59",
    "price_2": "3,98€/kg",
    "extra_info": "–50%"
  },
  {
    "image_url": "https://cdn.barbora.lt/products/6d194a45-a844-459f-ae1b-1143dd76a3f7_m.png",
    "title": "Bananinis pieno gėrimas MIAU, 2,3 % rieb., steriziluotas, 450 ml",
    "price": "1.19",
    "price_2": "2,65€/l",
    "extra_info": "–32%"
  },
  {
    "image_url": "https://cdn.barbora.lt/products/52f8a3da-a25f-4df7-a43b-d9574cc5b990_m.png",
    "title": "Kepimo aliejus BASSO, 1 l",
    "price": "3.71",
    "price_2": "3,71€/l",
    "extra_info": "–40%"
  },
  {
    "image_url": "https://cdn.barbora.lt/products/904f46c0-d6cc-437f-8b0b-e33b8cff0d5a_m.png",
    "title": "Makaronai LINGUINE LAMOLISANA Nr. 6, 500 g",
    "price": "1.07",
    "price_2": "2,14€/kg",
    "extra_info": "–40%"
  },
  {
    "image_url": "https://cdn.barbora.lt/products/4b14b3e7-3372-42ac-9bb5-6d67782bc9c5_m.png",
    "title": "Švieži vaivorykštiniai upėtakiai (lot. O. mykiss), skrosti, 1 kg",
    "price": "5.99",
    "price_2": "5,99€/kg",
    "extra_info": "–33%"
  },
  {
    "image_url": "https://cdn.barbora.lt/products/9c34a340-4e91-4c01-8b5b-0d28101e4fb6_m.png",
    "title": "Karštai rūkytas saliamis BIOVELA EKSTRA, a. r., 200 g",
    "price": "3.19",
    "price_2": null,
    "extra_info": "2 ar daugiau su –20%"
  },
  {
    "image_url": "https://cdn.barbora.lt/products/5e2f33d3-9e0a-4841-adc4-cc645166e131_m.png",
    "title": "Duonelės iš 83 % rugių TOSTE, 240 g",
    "price": "1.19",
    "price_2": "4,96€/kg",
    "extra_info": "–20%"
  },
  {
    "image_url": "https://cdn.barbora.lt/products/8202fe6e-c59f-46f8-aa06-4ebe1f6723d9_m.png",
    "title": "Šaldyti koldūnai KAKĖ MAKĖ su vištienos įdaru, 400 g",
    "price": "2.29",
    "price_2": "5,73€/kg",
    "extra_info": "–50%"
  },
  {
    "image_url": "https://cdn.barbora.lt/products/78e6e845-a049-4f4e-b426-eacbd6c45288_m.png",
    "title": "Ekol. jogurtas be laktozės su abrikosais ir braškėmis AUGA, 3,5 % rieb., 350 g",
    "price": "1.59",
    "price_2": "4,55€/kg",
    "extra_info": "–20%"
  },
  {
    "image_url": "https://cdn.barbora.lt/products/c0632bdd-21e4-4735-af29-11fcadb1ea00_m.png",
    "title": "Traškučiai OHO! su grietine ir svogūnais, 60 g",
    "price": "0.65",
    "price_2": null,
    "extra_info": "2 už 0,99€"
  },
  {
    "image_url": "https://cdn.barbora.lt/products/e973f23c-ccdb-4b93-af5c-7124f9e9e2ae_m.png",
    "title": "Karštai rūkytas GIMINIŲ saliamis (griežinėliai), I r., 180 g",
    "price": "1.99",
    "price_2": null,
    "extra_info": "2 ar daugiau su –20%"
  },
  {
    "image_url": "https://cdn.barbora.lt/products/83a22f99-a738-499c-9712-67eec90d989b_m.png",
    "title": "Virtas KARALIŠKAS kiaulienos kumpis, a. r., 90 g",
    "price": "2.49",
    "price_2": null,
    "extra_info": "2 ar daugiau su –20%"
  },
  {
    "image_url": "https://cdn.barbora.lt/products/4933d184-52cb-452d-9fb0-992788a2994e_m.png",
    "title": "Karštai rūkyta šoninė MORLINY, I r., 100 g",
    "price": "1.89",
    "price_2": null,
    "extra_info": "2 ar daugiau su –20%"
  },
  {
    "image_url": "https://cdn.barbora.lt/products/72ca5872-307f-4cb8-bc3f-1926df5fb10d_m.png",
    "title": "Lapiniai popieriniai rankšluosčiai GRITE BLOSSOM, 120 vnt.",
    "price": "0.89",
    "price_2": "0,01€/vnt.",
    "extra_info": "–52%"
  },
  {
    "image_url": "https://cdn.barbora.lt/products/124f17d7-b379-4e65-b492-850691dbbffe_m.png",
    "title": "Vaniliniai meduoliai JAVINĖ, 400 g",
    "price": "2.55",
    "price_2": null,
    "extra_info": "2 ar daugiau su –25%"
  },
  {
    "image_url": "https://cdn.barbora.lt/products/3049a7ae-2c74-4eff-a0c4-773d21018d94_m.png",
    "title": "Ekologiškas puskietis sūris DOBILAS (riekelės), 45 % rieb., 150 g",
    "price": "1.95",
    "price_2": "13€/kg",
    "extra_info": "–30%"
  },
  {
    "image_url": "https://cdn.barbora.lt/products/d3beec42-0366-4c15-886d-f99c037b9380_m.png",
    "title": "Virtas BIOVELOS vištienos kumpis, I r., 90 g",
    "price": "2.29",
    "price_2": null,
    "extra_info": "2 ar daugiau su –20%"
  },
  {
    "image_url": "https://cdn.barbora.lt/products/253a9535-4ddf-4361-8954-74b474ece7a1_m.png",
    "title": "Konservuoti avinžirniai ACTIVUS EKO, 250 g",
    "price": "0.89",
    "price_2": "3,56€/kg",
    "extra_info": "–40%"
  },
  {
    "image_url": "https://cdn.barbora.lt/products/fcd41f1b-b3b1-4cf2-badb-34731687d89d_m.png",
    "title": "Ekologiškas agavų sirupas AMRITA, 250 ml",
    "price": "3.49",
    "price_2": "13,96€/l",
    "extra_info": "–38%"
  },
  {
    "image_url": "https://cdn.barbora.lt/products/1f7e0d35-1a00-43f0-871e-9ec211e0e15f_m.png",
    "title": "Plėšomosios bandelės BRIOCHE su cinamonu, 150 g",
    "price": "0.89",
    "price_2": "5,94€/kg",
    "extra_info": "–36%"
  },
  {
    "image_url": "https://cdn.barbora.lt/products/e8f6a403-0dee-47d3-b0c8-9f0fa71114b8_m.png",
    "title": "Dribsniai NESTLE CINI MINIS, 645 g",
    "price": "3.59",
    "price_2": "5,57€/kg",
    "extra_info": "–40%"
  },
  {
    "image_url": "https://cdn.barbora.lt/products/9fdd176e-30fe-4923-8801-7c563879faa9_m.png",
    "title": "Kukurūzų užkandis CHEETOS, sūrio skonio, 165 g",
    "price": "1.29",
    "price_2": "7,82€/kg",
    "extra_info": "–50%"
  },
  {
    "image_url": "https://cdn.barbora.lt/products/d3e8dbfb-667c-4cd7-9f90-11d5bde8971f_m.png",
    "title": "Maži keksiukai MINI MUFFINS, 250 g",
    "price": "1.59",
    "price_2": null,
    "extra_info": "2 ar daugiau su –25%"
  },
  {
    "image_url": "https://cdn.barbora.lt/products/5aa3f816-3034-46c8-a682-eca36541bc90_m.png",
    "title": "Pjaustyta šaltai rūkyta kiaulienos nugarinė WELL DONE, a. r., 100 g",
    "price": "1.99",
    "price_2": null,
    "extra_info": "2 ar daugiau su –20%"
  },
  {
    "image_url": "https://cdn.barbora.lt/products/5dbc2ab1-590b-415b-81c6-910e03902e5a_m.png",
    "title": "Šaldyti maži čeburekai JUDEX su vištienos įdaru, 500 g",
    "price": "1.31",
    "price_2": "2,62€/kg",
    "extra_info": "–40%"
  },
  {
    "image_url": "https://cdn.barbora.lt/products/b9df1f5d-2c50-4fcc-a345-6a6e8f0cfa4f_m.png",
    "title": "Dantų pasta SENSODYNE WHITENING, 75 ml",
    "price": "5.39",
    "price_2": null,
    "extra_info": "2 ar daugiau su –40%"
  },
  {
    "image_url": "https://cdn.barbora.lt/products/49369cf8-fb35-49b8-9c01-d4379b496c0a_m.png",
    "title": "Itališkas MILANO saliamis WELL DONE, pjaustytas, a. r., 100 g",
    "price": "2.25",
    "price_2": null,
    "extra_info": "2 ar daugiau su –20%"
  },
  {
    "image_url": "https://cdn.barbora.lt/products/d8531547-4eb7-4b67-81c2-178b04cec76e_m.png",
    "title": "Skrudinamoji duona TOSTE DELI BRIOCHE, 260 g",
    "price": "1.45",
    "price_2": "5,57€/kg",
    "extra_info": "–19%"
  },
  {
    "image_url": "https://cdn.barbora.lt/products/bc813bc5-91a5-49f0-8b25-5207e75f8c92_m.png",
    "title": "Sausučiai JAVINĖ su aguonomis, 150 g",
    "price": "1.59",
    "price_2": null,
    "extra_info": "2 ar daugiau su –25%"
  },
  {
    "image_url": "https://cdn.barbora.lt/products/6ff78f2c-31de-4370-9721-a04cf5072384_m.png",
    "title": "Šviesi ruginė raikyta GUDOBELĖS duona, 340 g",
    "price": "0.79",
    "price_2": "2,32€/kg",
    "extra_info": "–20%"
  },
  {
    "image_url": "https://cdn.barbora.lt/products/2863d957-0c6d-4434-b335-b964f8cb1b85_m.png",
    "title": "Žolelių ir česnakų mišinys SANTA MARIA, 28 g",
    "price": "1.39",
    "price_2": null,
    "extra_info": "2 ar daugiau su –50%"
  },
  {
    "image_url": "https://cdn.barbora.lt/products/02ce9014-9b88-46a4-b88d-1a893e1a32cb_m.png",
    "title": "Spraginti kukurūzai su druska MR.CHECK, 150 g",
    "price": "1.19",
    "price_2": "7,93€/kg",
    "extra_info": "–25%"
  },
  {
    "image_url": "https://cdn.barbora.lt/products/9fe2a69c-3539-4741-94d5-af75c6a4f25b_m.png",
    "title": "Vafliniai batonėliai KINDER BUENO, 3 vnt., 129 g",
    "price": "3.69",
    "price_2": null,
    "extra_info": "2 ar daugiau su –25%"
  },
  {
    "image_url": "https://cdn.barbora.lt/products/73c12299-56a0-43da-b669-0bafc3fab754_m.png",
    "title": "Ryžių makaronai SANTA MARIA, 180 g",
    "price": "2.69",
    "price_2": null,
    "extra_info": "2 ar daugiau su –50%"
  },
  {
    "image_url": "https://cdn.barbora.lt/products/dc80b75b-594e-46ee-a9d6-f490ecbfe5c5_m.png",
    "title": "Sodrus jautienos sultinys MAGGI KOSTILIJA (12 x 10 g), 120 g",
    "price": "0.95",
    "price_2": "7,92€/kg",
    "extra_info": "–40%"
  },
  {
    "image_url": "https://cdn.barbora.lt/products/100be06e-bc9b-4bee-8989-5783e3e816b0_m.png",
    "title": "Šaldyti UŽKALNIO koldūnai JUDEX su mėsa, itališ. rozmarinais, 600 g",
    "price": "1.43",
    "price_2": "2,38€/kg",
    "extra_info": "–40%"
  },
  {
    "image_url": "https://cdn.barbora.lt/products/a6b60484-ca0b-4b4a-abba-c6185e9fccc4_m.png",
    "title": "Vafliai ROSHEN su kakavos skonio įdaru, 216 g",
    "price": "1.79",
    "price_2": null,
    "extra_info": "2 ar daugiau su –25%"
  },
  {
    "image_url": "https://cdn.barbora.lt/products/8bc56d62-2292-4ed2-bdb7-e2dade2df87b_m.png",
    "title": "Tiršta vištienos sriuba MAGGI 5 MINUTES su skrebučiais, 16 g",
    "price": "0.35",
    "price_2": "21,88€/kg",
    "extra_info": "–41%"
  },
  {
    "image_url": "https://cdn.barbora.lt/products/5b4a1544-bac8-4ecb-b9e9-8592304b087c_m.png",
    "title": "Vytinta dešra KAI NORISI MĖSOS, aukščiausia rūšis, 105 g",
    "price": "2.99",
    "price_2": null,
    "extra_info": "2 ar daugiau su –20%"
  },
  {
    "image_url": "https://cdn.barbora.lt/products/77597af8-21be-4368-8cf2-17f63eb51017_m.png",
    "title": "Bulvių prieskoniai SANTA MARIA, 30 g",
    "price": "0.99",
    "price_2": null,
    "extra_info": "2 ar daugiau su –50%"
  },
  {
    "image_url": "https://cdn.barbora.lt/products/f0ae759f-cb1b-4336-af10-7b8e0aa769e2_m.png",
    "title": "Virta pjaustyta dešra BERETTA MORTADELLA, nerūš., 100 g",
    "price": "2.29",
    "price_2": null,
    "extra_info": "2 ar daugiau su –20%"
  },
  {
    "image_url": "https://cdn.barbora.lt/products/53058859-44c8-48ea-baf6-7dfec407f26b_m.png",
    "title": "Sojų gėrimas su kalciu ALPRO, 1 l",
    "price": "1.88",
    "price_2": "1,88€/l",
    "extra_info": "–30%"
  },
  {
    "image_url": "https://cdn.barbora.lt/products/cf835535-9f7e-4eda-9bb7-65012b0e65e1_m.png",
    "title": "DZŪKIJOS sausainiai GUBOJA, 290 g",
    "price": "2.19",
    "price_2": null,
    "extra_info": "2 ar daugiau su –25%"
  },
  {
    "image_url": "https://cdn.barbora.lt/products/8577770c-3d91-4fa9-b7ad-a226bac169fa_m.png",
    "title": "Lazanijos lakštai LA MOLISANA, 500 g",
    "price": "1.89",
    "price_2": "3,78€/kg",
    "extra_info": "–40%"
  },
  {
    "image_url": "https://cdn.barbora.lt/products/ee93100d-685c-4dbc-8b3f-c85dad5eab00_m.png",
    "title": "Fermentuotas sojų produktas ALPRO, uogų ir datulių skonio, 400 g",
    "price": "1.95",
    "price_2": "4,88€/kg",
    "extra_info": "–30%"
  },
  {
    "image_url": "https://cdn.barbora.lt/products/26bb366c-c365-40d7-834d-e4bd2892cb54_m.png",
    "title": "Juoda raikyta AJERŲ duona, 650 g",
    "price": "1.59",
    "price_2": "2,44€/kg",
    "extra_info": "–20%"
  },
  {
    "image_url": "https://cdn.barbora.lt/products/cac2d0d6-f8b1-4b26-a968-23a2104387d4_m.png",
    "title": "Trinta pomidorų sriuba ACTIVUS EKO, 400 g",
    "price": "1.31",
    "price_2": "3,28€/kg",
    "extra_info": "–40%"
  },
  {
    "image_url": "https://cdn.barbora.lt/products/6d21b557-ea44-43b8-92d0-c0c1e697f9a5_m.png",
    "title": "Plikyti sausainiai KAKĖ MAKĖ, 200 g",
    "price": "1.99",
    "price_2": null,
    "extra_info": "2 ar daugiau su –25%"
  },
  {
    "image_url": "https://cdn.barbora.lt/products/02f2578d-1d47-4710-828d-a004b54ae8cc_m.png",
    "title": "Vanilinis sojų gėrimas su kalciu ALPRO, 1 l",
    "price": "2.16",
    "price_2": "2,16€/l",
    "extra_info": "–30%"
  },
  {
    "image_url": "https://cdn.barbora.lt/products/f4eb66f2-d210-491d-b2de-e93637ceccbb_m.png",
    "title": "Krekeriai TUC MINI, grietinės ir svogūnų skonio, 100 g",
    "price": "0.99",
    "price_2": "9,9€/kg",
    "extra_info": "–41%"
  },
  {
    "image_url": "https://cdn.barbora.lt/products/6ee0236b-2b56-42a9-9604-19e6751c02d4_m.png",
    "title": "Karštai rūkytos SAMSONO MEDŽIOTOJŲ dešrelės, a. r., 200 g",
    "price": "3.59",
    "price_2": null,
    "extra_info": "2 už 1 kainą"
  },
  {
    "image_url": "https://cdn.barbora.lt/products/385dcffb-4d73-4d60-a661-b0e3c83cd538_m.png",
    "title": "Speltų sumuštinių duona TOSTE, 360 g",
    "price": "2.09",
    "price_2": "5,8€/kg",
    "extra_info": "–19%"
  },
  {
    "image_url": "https://cdn.barbora.lt/products/06f4d9ff-a74c-420e-9bfe-260c1485ee1b_m.png",
    "title": "Makaronai LAMOLISANA (kaspinėliai, Nr. 66), 500 g",
    "price": "1.19",
    "price_2": "2,38€/kg",
    "extra_info": "–40%"
  },
  {
    "image_url": "https://cdn.barbora.lt/products/efe6949e-3a46-427b-b3ef-1554854db851_m.png",
    "title": "Šaltai rūkytas ŠVARCVALDO kumpis WELL DONE, nerūš., 80 g",
    "price": "1.59",
    "price_2": null,
    "extra_info": "2 ar daugiau su –20%"
  },
  {
    "image_url": "https://cdn.barbora.lt/products/68dd103b-5b95-4a76-b65c-3020dc55b9d1_m.png",
    "title": "Vytintas kiaulienos kumpis PROSCIUTTO CRUDO WELL DONE, a. r., 80 g",
    "price": "2.29",
    "price_2": null,
    "extra_info": "2 ar daugiau su –20%"
  },
  {
    "image_url": "https://cdn.barbora.lt/products/5c6d1b45-85d9-4576-8ee6-ed1aa74fb571_m.png",
    "title": "Glaistytas varškės sūrelis su šokolado gabaliukais, 23 % rieb., WELL DONE, 45 g",
    "price": "0.45",
    "price_2": null,
    "extra_info": "3 už 0,99€"
  },
  {
    "image_url": "https://cdn.barbora.lt/products/8fad60f0-9dcd-4397-8fe0-68957f489f96_m.png",
    "title": "Ekologiškos sūrio lazdelės MIAU, 40 % rieb. s. m., 180 g",
    "price": "2.89",
    "price_2": "16,06€/kg",
    "extra_info": "–22%"
  },
  {
    "image_url": "https://cdn.barbora.lt/products/6b7d4db9-b4b4-4a02-911d-e78f14703043_m.png",
    "title": "DZŪKIJOS ABRIKOSINIAI sausainiai, 250 g",
    "price": "1.99",
    "price_2": null,
    "extra_info": "2 ar daugiau su –25%"
  },
  {
    "image_url": "https://cdn.barbora.lt/products/e75c7fb0-365b-4538-81b0-1395179d1510_m.png",
    "title": "Kukurūzų traškučiai TAFFEL NACHO CHEESE BALLS, sūrio skonio, 165 g",
    "price": "1.39",
    "price_2": "8,42€/kg",
    "extra_info": "–50%"
  },
  {
    "image_url": "https://cdn.barbora.lt/products/eb5231e7-e4dc-44da-83c9-0c2a0c788518_m.png",
    "title": "Krapai SANTA MARIA, 7 g",
    "price": "0.99",
    "price_2": null,
    "extra_info": "2 ar daugiau su –50%"
  },
  {
    "image_url": "https://cdn.barbora.lt/products/e0876bd5-9c15-419e-a17d-1ea59db950df_m.png",
    "title": "PLIKYTI sausainėliai JDC, 200 g",
    "price": "1.89",
    "price_2": null,
    "extra_info": "2 už 1 kainą"
  },
  {
    "image_url": "https://cdn.barbora.lt/products/ebecd25d-d5f9-42db-8314-b52ef3791154_m.png",
    "title": "Mažai rūkyta GIMINIŲ kiaulienos filė, a. r., 90 g",
    "price": "2.59",
    "price_2": null,
    "extra_info": "2 ar daugiau su –20%"
  },
  {
    "image_url": "https://cdn.barbora.lt/products/a41e35eb-291e-436a-a12c-313008c1bc1d_m.png",
    "title": "Dribsniai NESTLE CINI MINIS, cinamono skonio, 375 g",
    "price": "2.39",
    "price_2": "6,37€/kg",
    "extra_info": "–40%"
  },
  {
    "image_url": "https://cdn.barbora.lt/products/c1b504fa-9f06-4d49-a709-3f253b4f0618_m.png",
    "title": "Ekologiškas pienas DOBILAS, 2,5 %, 1 l",
    "price": "1.39",
    "price_2": "1,39€/l",
    "extra_info": "–30%"
  },
  {
    "image_url": "https://cdn.barbora.lt/products/ad29a356-bf5a-4d6b-baf6-b916ac1eee1b_m.png",
    "title": "Ekologiškas daržovių sultinys MAGGI, 80 g",
    "price": "1.79",
    "price_2": "22,38€/kg",
    "extra_info": "–40%"
  },
  {
    "image_url": "https://cdn.barbora.lt/products/513aa0ce-bbd3-4651-8c55-4a713636f095_m.png",
    "title": "Fermentuotas sojų produktas ALPRO, 400 g",
    "price": "1.95",
    "price_2": "4,88€/kg",
    "extra_info": "–30%"
  },
  {
    "image_url": "https://cdn.barbora.lt/products/8b8d5f7b-baa5-4366-9f0e-e98a12019793_m.png",
    "title": "Jogurtas BIFI, kavos skonio su granola, 6,3 % rieb., 200 g",
    "price": "1.09",
    "price_2": "5,45€/kg",
    "extra_info": "–25%"
  },
  {
    "image_url": "https://cdn.barbora.lt/products/97af1208-d094-415b-819e-5b49b83d09c6_m.png",
    "title": "Gabalinis tualetinis muilas DOVE COCONUT, 90 g",
    "price": "0.59",
    "price_2": "6,56€/kg",
    "extra_info": "–53%"
  },
  {
    "image_url": "https://cdn.barbora.lt/products/ac256ce9-830f-406c-9adb-c304e5202d53_m.png",
    "title": "Itališkas kiaulienos kumpis PROSCIUTTO COTTO, nerūš., 100 g",
    "price": "1.85",
    "price_2": "18,5€/kg",
    "extra_info": "–26%"
  },
  {
    "image_url": "https://cdn.barbora.lt/products/d6442baa-54b1-471e-8d7f-d2d138f54303_m.png",
    "title": "Sausainiai GAIDELIS 7 GRŪDAI su morkomis ir cinamonu, 160 g",
    "price": "1.29",
    "price_2": null,
    "extra_info": "2 ar daugiau su –25%"
  },
  {
    "image_url": "https://cdn.barbora.lt/products/4fcb9966-1a10-4e09-b3fc-e6d5409308a7_m.png",
    "title": "Virta MAŽYLIŲ dešra, a. r., 300 g",
    "price": "2.09",
    "price_2": "6,96€/kg",
    "extra_info": "–40%"
  },
  {
    "image_url": "https://cdn.barbora.lt/products/c46feb36-aecd-43de-b0ee-b44034b6bc6c_m.png",
    "title": "Popieriniai rankšluosčiai GRITE BLOSSOM, 2 vnt., 2 vnt.",
    "price": "1.09",
    "price_2": "0,55€/vnt.",
    "extra_info": "–50%"
  },
  {
    "image_url": "https://cdn.barbora.lt/products/98276fcc-762c-46a1-8771-5a3f58ec460f_m.png",
    "title": "Kalkių valiklis KH-7, 750 ml",
    "price": "3.35",
    "price_2": "4,46€/l",
    "extra_info": "–40%"
  },
  {
    "image_url": "https://cdn.barbora.lt/products/7733e06e-368b-42a6-8f4f-e79b51caa9e9_m.png",
    "title": "Konservuotos juodosios pupelės WELL DONE, 400 g",
    "price": "1.01",
    "price_2": "2,53€/kg",
    "extra_info": "–25%"
  },
  {
    "image_url": "https://cdn.barbora.lt/products/8a3c7494-29a1-4fe8-aa56-b4cd98551a78_m.png",
    "title": "Tortilijos su viso grūdo miltais SANTA MARIA, 320 g",
    "price": "2.99",
    "price_2": null,
    "extra_info": "2 ar daugiau su –50%"
  },
  {
    "image_url": "https://cdn.barbora.lt/products/44a5c942-53ce-4fed-993b-36fda4c1b124_m.png",
    "title": "Virta SAMSONIUKŲ dešra, a. r., 160 g",
    "price": "1.05",
    "price_2": "6,56€/kg",
    "extra_info": "–41%"
  },
  {
    "image_url": "https://cdn.barbora.lt/products/1263f02a-1c49-4924-8f00-5cc9bda21138_m.png",
    "title": "Jautienos sultinys MAGGI, 80 g, 80 g",
    "price": "0.77",
    "price_2": "9,63€/kg",
    "extra_info": "–40%"
  },
  {
    "image_url": "https://cdn.barbora.lt/products/30444993-9248-4b8b-b219-ad6355411a0e_m.png",
    "title": "Vytinta dešra PEPPERONI, a. r., 90 g",
    "price": "2.79",
    "price_2": null,
    "extra_info": "2 ar daugiau su –20%"
  },
  {
    "image_url": "https://cdn.barbora.lt/products/7da951a5-bdc3-4e7b-9a04-55686b6c5dbe_m.png",
    "title": "Kotletų prieskoniai SANTA MARIA, 28 g",
    "price": "0.99",
    "price_2": null,
    "extra_info": "2 ar daugiau su –50%"
  },
  {
    "image_url": "https://cdn.barbora.lt/products/6b7452b2-6403-4c07-9c3c-208b81844701_m.png",
    "title": "Ekologiškas varškės sūris DOBILAS, 13 % rieb., 1 kg",
    "price": "12.85",
    "price_2": "12,85€/kg",
    "extra_info": "–30%"
  },
  {
    "image_url": "https://cdn.barbora.lt/products/b7e84e15-e968-4f90-9b95-f4c054ea4343_m.png",
    "title": "Tirpioji sūrio sriuba MAGGI 5 MINUTES su skrebučiais, 19 g",
    "price": "0.35",
    "price_2": "18,42€/kg",
    "extra_info": "–41%"
  },
  {
    "image_url": "https://cdn.barbora.lt/products/9f5283c2-2aae-41c2-a955-069ae05c5861_m.png",
    "title": "Čiobrelių arbata ŽOLYNĖLIS, 30 g",
    "price": "1.49",
    "price_2": null,
    "extra_info": "2 ar daugiau su –25%"
  },
  {
    "image_url": "https://cdn.barbora.lt/products/23e9c0e1-3ee3-4026-87ae-d66e0719d163_m.png",
    "title": "Grūdėtoji varškė su arktinėmis tekšėmis ALMA, 5 % rieb., 200 g",
    "price": "1.59",
    "price_2": null,
    "extra_info": "2 už 2,65€"
  },
  {
    "image_url": "https://cdn.barbora.lt/products/316eea0b-dc39-41e2-8855-df9cb7a1ed15_m.png",
    "title": "Vytintas BAJORŲ kumpis, a. r., 1 kg",
    "price": "9.99",
    "price_2": "9,99€/kg",
    "extra_info": "–50%"
  },
  {
    "image_url": "https://cdn.barbora.lt/products/528b8bc8-108f-414b-91a9-c7196944d9ef_m.png",
    "title": "Šaldyti varškėčiai JUDEX, 500 g",
    "price": "1.67",
    "price_2": "3,34€/kg",
    "extra_info": "–40%"
  },
  {
    "image_url": "https://cdn.barbora.lt/products/05a96042-b939-4297-9d77-b8b4af9a9a1a_m.png",
    "title": "Fermentuotas kokosų produktas ALPRO, aviečių skonio, 120 g",
    "price": "1.18",
    "price_2": "9,83€/kg",
    "extra_info": "–30%"
  },
  {
    "image_url": "https://cdn.barbora.lt/products/fc58cd0e-d2f6-4e3c-9e9f-7f38c4dff9f5_m.png",
    "title": "Makaronai GEMELLI LAMOLISANA Nr. 80, 500 g",
    "price": "1.07",
    "price_2": "2,14€/kg",
    "extra_info": "–40%"
  },
  {
    "image_url": "https://cdn.barbora.lt/products/dcf579e5-ebd0-408f-94be-b76262016a86_m.png",
    "title": "Vytintas itališkas saliamis MILANO, pjaustytas, nerūš., 80 g",
    "price": "1.49",
    "price_2": "18,63€/kg",
    "extra_info": "–25%"
  },
  {
    "image_url": "https://cdn.barbora.lt/products/4913b067-e35d-48f9-852c-a567d4c6c58d_m.png",
    "title": "Žol. arbata ŽOLYNĖLIS su ramunėlių žiedais ir kmynų vaisiais, 20 vnt.",
    "price": "1.99",
    "price_2": null,
    "extra_info": "2 ar daugiau su –25%"
  },
  {
    "image_url": "https://cdn.barbora.lt/products/57a7503a-12cb-4ee4-904f-85a878953cc1_m.png",
    "title": "Gabalinis tualetinis muilas DOVE CREAM OIL, 90 g",
    "price": "0.59",
    "price_2": "6,56€/kg",
    "extra_info": "–53%"
  },
  {
    "image_url": "https://cdn.barbora.lt/products/fee18468-7937-47c5-a6a2-22d73d9f46a2_m.png",
    "title": "Garuose virtas kiaulienos kumpis PORMET, I r., 100 g",
    "price": "0.99",
    "price_2": null,
    "extra_info": "2 ar daugiau su –20%"
  },
  {
    "image_url": "https://cdn.barbora.lt/products/b3b5d606-bed1-4a22-9165-b1fa8161d0de_m.png",
    "title": "Skystojo muilo papildymas DOVE ORIGINAL, 750 ml",
    "price": "2.99",
    "price_2": "3,99€/l",
    "extra_info": "–50%"
  },
  {
    "image_url": "https://cdn.barbora.lt/products/fd87dd09-268d-437d-8162-9202d081dadc_m.png",
    "title": "Makaronai MACCHERONI LAMOLISANA Nr. 37, 500 g",
    "price": "1.07",
    "price_2": "2,14€/kg",
    "extra_info": "–40%"
  },
  {
    "image_url": "https://cdn.barbora.lt/products/c0d2c93b-06fb-44b8-80ea-84d24e29ebb5_m.png",
    "title": "K. r. viščiukų broilerių blauzdelės su kmynais, a. r., 400 g",
    "price": "2.69",
    "price_2": "6,73€/kg",
    "extra_info": "–31%"
  },
  {
    "image_url": "https://cdn.barbora.lt/products/925fe3b1-f54f-4e7a-82f8-528bdd92f0a5_m.png",
    "title": "Virtas pjaustytas forminis kumpis WELL DONE, a. r., 200 g",
    "price": "2.19",
    "price_2": null,
    "extra_info": "2 ar daugiau su –20%"
  },
  {
    "image_url": "https://cdn.barbora.lt/products/b54e50ca-9fbe-492e-a056-7923ca4d9840_m.png",
    "title": "Bolivinių balandų patiekalas su daržovėmis ACTIVUS EKO, 250 g",
    "price": "1.97",
    "price_2": "7,88€/kg",
    "extra_info": "–40%"
  },
  {
    "image_url": "https://cdn.barbora.lt/products/3ce8fa91-a8ce-464a-bbcc-af14d66c2b76_m.png",
    "title": "Skystasis baltų audinių skalbiklis NEUTRAL, 1 l",
    "price": "5.75",
    "price_2": "5,75€/l",
    "extra_info": "–40%"
  },
  {
    "image_url": "https://cdn.barbora.lt/products/eceee28b-255c-4080-a979-e743eeb673c4_m.png",
    "title": "Sausainiai GAIDELIS 7 GRŪDAI su kokosais ir šokoladu, 160 g",
    "price": "1.29",
    "price_2": null,
    "extra_info": "2 ar daugiau su –25%"
  },
  {
    "image_url": "https://cdn.barbora.lt/products/6dd791b8-de61-4b3a-a905-06fbb477a73f_m.png",
    "title": "Sausainiai KINDER CARDS, 76.8 g",
    "price": "2.99",
    "price_2": null,
    "extra_info": "2 ar daugiau su –25%"
  },
  {
    "image_url": "https://cdn.barbora.lt/products/982e3df9-9444-4112-8b68-eaa688e6f055_m.png",
    "title": "Ekologiškas kokosų aliejus AMRITA, 500 ml",
    "price": "4.99",
    "price_2": "9,98€/l",
    "extra_info": "–43%"
  },
  {
    "image_url": "https://cdn.barbora.lt/products/72cd0b18-a327-49dc-98a1-19cd4b3d63f3_m.png",
    "title": "Virtas BAJORŲ paštetas, a.r., 270 g",
    "price": "0.89",
    "price_2": "3,3€/kg",
    "extra_info": "–40%"
  },
  {
    "image_url": "https://cdn.barbora.lt/products/593ef2a3-2c85-4ae1-8446-6a7081836b86_m.png",
    "title": "KAKĖS MAKĖS dantų pasta ECODENTA vaikams, 75 ml",
    "price": "3.19",
    "price_2": null,
    "extra_info": "2 ar daugiau su –40%"
  },
  {
    "image_url": "https://cdn.barbora.lt/products/47525ae6-fcc0-42b5-a712-77307a86dc75_m.png",
    "title": "Grūdėtoji varškė ALMA, krembriulė skonio, 5 % rieb., 200 g",
    "price": "1.59",
    "price_2": null,
    "extra_info": "2 už 2,65€"
  },
  {
    "image_url": "https://cdn.barbora.lt/products/b026e60c-2e8e-45f0-a35e-fdae95c81337_m.png",
    "title": "Trinta morkų sriuba ACTIVUS EKO, 400 g",
    "price": "1.31",
    "price_2": "3,28€/kg",
    "extra_info": "–40%"
  },
  {
    "image_url": "https://cdn.barbora.lt/products/e70dc18c-2ac8-4acd-a167-0f52205e78a3_m.png",
    "title": "Vaisinė arbata ŽOLYNĖLIS su braškėmis ir mangais, 40 g",
    "price": "2.49",
    "price_2": null,
    "extra_info": "2 ar daugiau su –25%"
  },
  {
    "image_url": "https://cdn.barbora.lt/products/5db1708c-d828-4cd2-a3f9-bd42fe7c9c58_m.png",
    "title": "S. JASINEVIČIAUS saldaus pieno sūris su spanguolėmis, 22 %, 1 kg",
    "price": "12.39",
    "price_2": "12,39€/kg",
    "extra_info": "–11%"
  },
  {
    "image_url": "https://cdn.barbora.lt/products/2de795e0-29ed-4e59-b54b-5dee2f28646c_m.png",
    "title": "Vafliai ROSHEN su kokosų ir migdolų skonio įdaru, 216 g",
    "price": "1.79",
    "price_2": null,
    "extra_info": "2 ar daugiau su –25%"
  },
  {
    "image_url": "https://cdn.barbora.lt/products/cab1e45f-9fee-455e-b70e-a098c8e336de_m.png",
    "title": "Traškučiai OHO! su krapais, 60 g",
    "price": "0.65",
    "price_2": null,
    "extra_info": "2 už 0,99€"
  },
  {
    "image_url": "https://cdn.barbora.lt/products/57989320-f378-4bf2-9560-2cafee23e2fd_m.png",
    "title": "Daržovių sultinys MAGGI, 12 x 10 g, 120 g",
    "price": "0.71",
    "price_2": "5,92€/kg",
    "extra_info": "–40%"
  },
  {
    "image_url": "https://cdn.barbora.lt/products/5e98efa9-d348-44b1-ba9d-a2b1347e35b4_m.png",
    "title": "Šaltai rūkytos šoninės kubeliai, a. r., 140 g",
    "price": "1.49",
    "price_2": "10,64€/kg",
    "extra_info": "–21%"
  },
  {
    "image_url": "https://cdn.barbora.lt/products/f0c31155-f7b5-4295-b775-92623a4886a6_m.png",
    "title": "Juoda raikyta NAMINĖ duona, 650 g",
    "price": "1.55",
    "price_2": "2,39€/kg",
    "extra_info": "–18%"
  },
  {
    "image_url": "https://cdn.barbora.lt/products/f442943a-f712-43d6-841a-d82fb06eda0d_m.png",
    "title": "Vytintas itališkas kumpis PROSCIUTTO CRUDO, nerūš., 80 g",
    "price": "1.99",
    "price_2": "24,88€/kg",
    "extra_info": "–26%"
  },
  {
    "image_url": "https://cdn.barbora.lt/products/a7c23db7-e64d-4032-b26f-39cf1d7d27ae_m.png",
    "title": "Virta DAKTARIŠKA dešra, a. r., 160 g",
    "price": "1.79",
    "price_2": null,
    "extra_info": "2 ar daugiau su –20%"
  },
  {
    "image_url": "https://cdn.barbora.lt/products/d8d03af9-308f-4abf-9620-c5569b5c9f15_m.png",
    "title": "Granuliuoti česnakai KOTANYI, 28 g",
    "price": "0.83",
    "price_2": "29,64€/kg",
    "extra_info": "–30%"
  },
  {
    "image_url": "https://cdn.barbora.lt/products/d92d3d87-8ac8-41e0-b51e-c4a6411ed219_m.png",
    "title": "Sausainiai DU GAIDELIAI, 180 g",
    "price": "0.65",
    "price_2": null,
    "extra_info": "2 ar daugiau su –25%"
  },
  {
    "image_url": "https://cdn.barbora.lt/products/93377d9b-b32e-4d53-a51c-06c676f36941_m.png",
    "title": "Traškūs javainiai FITNESS NESTLE su medumi, 300 g",
    "price": "2.27",
    "price_2": "7,56€/kg",
    "extra_info": "–40%"
  },
  {
    "image_url": "https://cdn.barbora.lt/products/acd9ca88-8672-401d-894a-bad7a04e7b56_m.png",
    "title": "Dantų pasta SENSODYNE MULTI CARE, 75 ml",
    "price": "4.49",
    "price_2": null,
    "extra_info": "2 ar daugiau su –40%"
  },
  {
    "image_url": "https://cdn.barbora.lt/products/52a72363-d9f6-47e6-8f16-4b2bf663d535_m.png",
    "title": "Vištienos marinatas SANTA MARIA, 75 g",
    "price": "0.99",
    "price_2": null,
    "extra_info": "2 ar daugiau su –50%"
  },
  {
    "image_url": "https://cdn.barbora.lt/products/abbf9f15-018a-47d1-bcc6-c94cc626ba61_m.png",
    "title": "Kukurūzų užkandis CHEETOS, kečupo skonio, 165 g",
    "price": "1.29",
    "price_2": "7,82€/kg",
    "extra_info": "–50%"
  },
  {
    "image_url": "https://cdn.barbora.lt/products/9d62c900-76f4-49c8-83e7-b12625292f11_m.png",
    "title": "DZŪKIJOS sausainiai VYŠNAITĖ, 275 g",
    "price": "1.99",
    "price_2": null,
    "extra_info": "2 ar daugiau su –25%"
  },
  {
    "image_url": "https://cdn.barbora.lt/products/2a85fe1f-1cd1-4c10-8387-c69ba36aa247_m.png",
    "title": "Ruošinys MAGGI IDEA vištienai (grietinėlės ir žolelių padaže, 30 g",
    "price": "0.59",
    "price_2": "19,67€/kg",
    "extra_info": "–40%"
  },
  {
    "image_url": "https://cdn.barbora.lt/products/7d1e2345-da15-43ae-a85a-9fbbddbc0a73_m.png",
    "title": "Dražė M&M'S PEANUT su žemės riešutais, 200 g",
    "price": "2.39",
    "price_2": "11,95€/kg",
    "extra_info": "–40%"
  },
  {
    "image_url": "https://cdn.barbora.lt/products/004a7532-ea2f-4c59-b27e-b67b5f54986b_m.png",
    "title": "Baltosios pupelės CANNELLINI WELL DONE, 400 g",
    "price": "1.01",
    "price_2": "2,53€/kg",
    "extra_info": "–25%"
  },
  {
    "image_url": "https://cdn.barbora.lt/products/8cb418ef-8873-4f7f-afc9-be4689df0b9f_m.png",
    "title": "Virta PANERIO dešra, a. r., 250 g",
    "price": "2.29",
    "price_2": null,
    "extra_info": "2 už 2,49€"
  },
  {
    "image_url": "https://cdn.barbora.lt/products/5e20829b-3b9b-4039-88d2-9a84fa0a87e8_m.png",
    "title": "Grybų sriuba MAGGI su skrebučiais, 22 g, 22 g",
    "price": "0.35",
    "price_2": "15,91€/kg",
    "extra_info": "–41%"
  },
  {
    "image_url": "https://cdn.barbora.lt/products/03b4c148-2fd4-411a-8062-1799607e0905_m.png",
    "title": "Šaltai rūkyti šoninės kubeliai PANCETTA AFFUMICATA, nerūš., 100 g",
    "price": "1.89",
    "price_2": null,
    "extra_info": "2 ar daugiau su –20%"
  },
  {
    "image_url": "https://cdn.barbora.lt/products/20861a80-7218-4e72-8158-b656eaf0768a_m.png",
    "title": "Šaldytų morkų ir žirnelių mišinys WELL DONE, 400 g",
    "price": "0.79",
    "price_2": "1,98€/kg",
    "extra_info": "–20%"
  },
  {
    "image_url": "https://cdn.barbora.lt/products/40fbfd83-a932-4c35-b325-06a9f1765e02_m.png",
    "title": "Vafliai ROSHEN su lazdynų riešutų skonio įdaru, 216 g",
    "price": "1.79",
    "price_2": null,
    "extra_info": "2 ar daugiau su –25%"
  },
  {
    "image_url": "https://cdn.barbora.lt/products/a6df11cb-3fa9-4650-a29a-f8838a809d75_m.png",
    "title": "Makaronai LA MOLISANA lizdai, 500 g",
    "price": "1.89",
    "price_2": "3,78€/kg",
    "extra_info": "–40%"
  },
  {
    "image_url": "https://cdn.barbora.lt/products/8d5b76de-55a9-4362-ac89-c406e65a7c9f_m.png",
    "title": "DZŪKIJOS vafliniai vamzdeliai su vaniliniu įdaru, 180 g",
    "price": "1.89",
    "price_2": null,
    "extra_info": "2 ar daugiau su –25%"
  },
  {
    "image_url": "https://cdn.barbora.lt/products/7f718e86-e8fb-440e-b95a-b09f4d9eb6b1_m.png",
    "title": "Juodoji arbata DILMAH PREMIUM, 60 g",
    "price": "1.79",
    "price_2": null,
    "extra_info": "2 ar daugiau su –25%"
  },
  {
    "image_url": "https://cdn.barbora.lt/products/eca8cfed-e6d8-48ed-96d6-ac87d0378bd4_m.png",
    "title": "Karštai rūkyta pjaustyta KLAIPĖDOS kiaulienos šoninė, a. r., 130 g",
    "price": "1.75",
    "price_2": "13,46€/kg",
    "extra_info": "–20%"
  },
  {
    "image_url": "https://cdn.barbora.lt/products/e517a17d-0b15-4979-8234-88fb668b3a08_m.png",
    "title": "Bulvių prieskoniai VEGETA, 20 g",
    "price": "0.69",
    "price_2": null,
    "extra_info": "2 ar daugiau su –40%"
  },
  {
    "image_url": "https://cdn.barbora.lt/products/2917063c-ea90-4cd2-a446-3a98adb03c55_m.png",
    "title": "Baltos bolivinės balandos AMRITA, 400 g",
    "price": "2.49",
    "price_2": "6,23€/kg",
    "extra_info": "–38%"
  },
  {
    "image_url": "https://cdn.barbora.lt/products/e4ca1bd6-f752-4f93-9159-0ca248b2020b_m.png",
    "title": "Makaronų asorti LA MOLISANA PASTA FANTASIA Nr. 72, 500 g",
    "price": "1.07",
    "price_2": "2,14€/kg",
    "extra_info": "–40%"
  },
  {
    "image_url": "https://cdn.barbora.lt/products/0ffe9955-e9e4-4b99-94b3-ff471b1f18ab_m.png",
    "title": "Geriam. balt. VALIO PROFEEL jogurtas su vyšn., 0,1 % rieb., 275 g",
    "price": "1.19",
    "price_2": "4,33€/kg",
    "extra_info": "–20%"
  },
  {
    "image_url": "https://cdn.barbora.lt/products/49c2704f-8505-42ce-b896-a9a616a046a5_m.png",
    "title": "Vištienos prieskonių mišinys CRISPY CHICKEN MAGGI AIR FRYER, 70 g",
    "price": "0.89",
    "price_2": "12,72€/kg",
    "extra_info": "–40%"
  },
  {
    "image_url": "https://cdn.barbora.lt/products/b8c62035-e4db-405b-ad8d-9805dbaf2ea3_m.png",
    "title": "Ruošinys MAGGI IDEA vištienai sūrio padaže, 32 g",
    "price": "0.59",
    "price_2": "18,44€/kg",
    "extra_info": "–40%"
  },
  {
    "image_url": "https://cdn.barbora.lt/products/b81cbba1-a5a8-411c-8e00-db7a3092a786_m.png",
    "title": "Dribsnių batonėlis NESTLE FITNESS su spanguol. ir braškėmis, 23.5 g",
    "price": "0.39",
    "price_2": "16,6€/kg",
    "extra_info": "–40%"
  },
  {
    "image_url": "https://cdn.barbora.lt/products/49682f8a-480e-4dec-bd45-789e60a998da_m.png",
    "title": "Ruošinys MAGGI IDEA sultingai vištienai su česnakais, 30 g",
    "price": "0.77",
    "price_2": "25,67€/kg",
    "extra_info": "–40%"
  },
  {
    "image_url": "https://cdn.barbora.lt/products/9301c2f6-5213-449f-b483-123f34036848_m.png",
    "title": "Čiobrelių su avietėmis arbata GAMTOS GURKŠNIS, 20 vnt.",
    "price": "1.29",
    "price_2": null,
    "extra_info": "2 ar daugiau su –25%"
  },
  {
    "image_url": "https://cdn.barbora.lt/products/9fb2b421-4ef9-4eca-89e9-fe61cb7bdae2_m.png",
    "title": "Kiaušininiai makaronai SANTA MARIA, 250 g",
    "price": "1.99",
    "price_2": null,
    "extra_info": "2 ar daugiau su –50%"
  },
  {
    "image_url": "https://cdn.barbora.lt/products/e5f407b6-5a31-48a7-939f-6129b2cd07d0_m.png",
    "title": "Vytintas kumpis SERRANO, I r., 220 g",
    "price": "5.99",
    "price_2": null,
    "extra_info": "2 ar daugiau su –20%"
  },
  {
    "image_url": "https://cdn.barbora.lt/products/d03f2f42-550c-4eeb-b3c1-15df17f3afea_m.png",
    "title": "Glaistytas varškės sūrelis, vanilės skonio, 22 % rieb., WELL DONE, 45 g",
    "price": "0.45",
    "price_2": null,
    "extra_info": "3 už 0,99€"
  },
  {
    "image_url": "https://cdn.barbora.lt/products/28cf9273-3725-4fe0-a83b-9ca334070c22_m.png",
    "title": "Kakaviniai sausainiai OREO ORIGINAL, 154 g",
    "price": "1.49",
    "price_2": "9,68€/kg",
    "extra_info": "–40%"
  },
  {
    "image_url": "https://cdn.barbora.lt/products/56311803-dd74-44d9-bbf0-6601046bbb0a_m.png",
    "title": "Grikiai su vištiena ir šitakiais ACTIVUS, 250 g",
    "price": "2.09",
    "price_2": "8,36€/kg",
    "extra_info": "–40%"
  },
  {
    "image_url": "https://cdn.barbora.lt/products/cc4c9da8-157e-48a9-99b7-771499cd05cb_m.png",
    "title": "Kačių skanėstas DREAMIES su vištiena, 60 g",
    "price": "1.95",
    "price_2": null,
    "extra_info": "2 už 1 kainą"
  },
  {
    "image_url": "https://cdn.barbora.lt/products/792cda38-1c9f-40b5-9215-788e84ae9382_m.png",
    "title": "Karštai rūkyta šoninė WELL DONE, a. r., 100 g",
    "price": "1.19",
    "price_2": null,
    "extra_info": "2 ar daugiau su –20%"
  },
  {
    "image_url": "https://cdn.barbora.lt/products/3b54d2ab-f9c4-44bb-bd5b-a732ede0f620_m.png",
    "title": "Ekologiškas jogurtas su mangais DOBILAS, 3,1 % rieb., 125 g",
    "price": "0.75",
    "price_2": "6€/kg",
    "extra_info": "–31%"
  },
  {
    "image_url": "https://cdn.barbora.lt/products/6b982459-2fd8-4755-8048-77f6995991ad_m.png",
    "title": "Migdolų skonio gėrimas su kalciu ALPRO, 1 l",
    "price": "2.3",
    "price_2": "2,3€/l",
    "extra_info": "–30%"
  },
  {
    "image_url": "https://cdn.barbora.lt/products/b3885df6-41e1-434e-830f-9df53c5145e7_m.png",
    "title": "Ekologiškos miežinės kruopos EKOFRISA, 400 g",
    "price": "0.79",
    "price_2": "1,98€/kg",
    "extra_info": "–25%"
  },
  {
    "image_url": "https://cdn.barbora.lt/products/81b337d5-5b6a-497a-973b-d85303a53408_m.png",
    "title": "GARLIAVOS DUONOS sausainiai SMĖLIO JUOSTA, 500 g",
    "price": "3.89",
    "price_2": null,
    "extra_info": "2 ar daugiau su –25%"
  },
  {
    "image_url": "https://cdn.barbora.lt/products/75d56178-773b-4587-bc75-bbaf3500e66c_m.png",
    "title": "Virtos BAJORŲ EKSTRA pieniškos dešrelės, a. r., 430 g",
    "price": "2.55",
    "price_2": "5,93€/kg",
    "extra_info": "–41%"
  },
  {
    "image_url": "https://cdn.barbora.lt/products/7dd57b35-6fd9-4bcf-8f48-ab83f6e53170_m.png",
    "title": "Juodoji arbata TWININGS EARL GREY, 50 g",
    "price": "5.29",
    "price_2": null,
    "extra_info": "2 ar daugiau su –25%"
  },
  {
    "image_url": "https://cdn.barbora.lt/products/8a8183ac-bd73-4784-afb1-008d508366ed_m.png",
    "title": "Vaniliniai riestainiai JAVINĖ, 300 g",
    "price": "1.95",
    "price_2": null,
    "extra_info": "2 ar daugiau su –25%"
  },
  {
    "image_url": "https://cdn.barbora.lt/products/0a67e0e3-d32a-476e-a3cc-1ee97d75249a_m.png",
    "title": "Virtos dešrelės JOKIŲ PRIDĖTINIŲ E su vitaminu D, a. r., 210 g",
    "price": "1.89",
    "price_2": "9€/kg",
    "extra_info": "–41%"
  },
  {
    "image_url": "https://cdn.barbora.lt/products/a26e53bd-3701-4160-b5fc-aa4334a73f3e_m.png",
    "title": "Skystasis muilas DOVE SILK, papildymas, 500 ml",
    "price": "2.39",
    "price_2": "4,78€/l",
    "extra_info": "–50%"
  },
  {
    "image_url": "https://cdn.barbora.lt/products/61fd9135-3d67-480a-9f84-e02f23e92754_m.png",
    "title": "Šaltai rūkyta pjaustyta PIRKLIŲ dešra, a. r., 100 g",
    "price": "1.79",
    "price_2": "17,9€/kg",
    "extra_info": "–22%"
  },
  {
    "image_url": "https://cdn.barbora.lt/products/2e600682-accd-4126-94a6-9b6db7e3a156_m.png",
    "title": "Kvietiniai pakepti picų paplotėliai DIJO, 230 g",
    "price": "1.39",
    "price_2": "6,04€/kg",
    "extra_info": "–16%"
  },
  {
    "image_url": "https://cdn.barbora.lt/products/92c7ccc9-eb37-4171-bf90-0debe476aa20_m.png",
    "title": "Marinuoti agurkai WELL DONE, 860 g",
    "price": "1.99",
    "price_2": "2,32€/kg",
    "extra_info": "–20%"
  },
  {
    "image_url": "https://cdn.barbora.lt/products/6f604932-4619-4600-ade9-8fa9dd684df3_m.png",
    "title": "Indų ploviklis NEUTRAL SENSITIVE, 500 ml",
    "price": "1.79",
    "price_2": "3,58€/l",
    "extra_info": "–40%"
  },
  {
    "image_url": "https://cdn.barbora.lt/products/9c0a16a1-5e8b-4e70-958f-f72de700d09b_m.png",
    "title": "DZŪKIJOS sausainiai APELSINO SKILTELĖS, 250 g",
    "price": "1.89",
    "price_2": null,
    "extra_info": "2 ar daugiau su –25%"
  },
  {
    "image_url": "https://cdn.barbora.lt/products/2992422a-84be-46cb-8898-27f01e197108_m.png",
    "title": "Dantų pasta LACALUT AKTIV, 75ml",
    "price": "2.55",
    "price_2": "34€/l",
    "extra_info": "–35%"
  },
  {
    "image_url": "https://cdn.barbora.lt/products/2848efc0-b00c-4935-a182-b190b26d026a_m.png",
    "title": "Ekologiškos grikių kruopos EKOFRISA, 400 g",
    "price": "1.59",
    "price_2": "3,98€/kg",
    "extra_info": "–24%"
  },
  {
    "image_url": "https://cdn.barbora.lt/products/02ef433f-0b72-432a-a17b-5e4b2ec00373_m.png",
    "title": "Sausainiai LOVITA ROSHEN BROWNIE, kakavos skonio, 152 g",
    "price": "1.49",
    "price_2": null,
    "extra_info": "2 ar daugiau su –25%"
  },
  {
    "image_url": "https://cdn.barbora.lt/products/4b30a7a1-8239-485f-bab4-09892c8e8d68_m.png",
    "title": "Atšaldyti kiaulienos šonkauliai WELL DONE, 1 kg",
    "price": "4.49",
    "price_2": "4,49€/kg",
    "extra_info": "–25%"
  },
  {
    "image_url": "https://cdn.barbora.lt/products/72de3f4d-4040-4012-94c5-21568ab04a35_m.png",
    "title": "Dantų pasta ELMEX SENSITIVE, 75 ml",
    "price": "5.99",
    "price_2": null,
    "extra_info": "2 ar daugiau su –40%"
  },
  {
    "image_url": "https://cdn.barbora.lt/products/6b63b8ed-3c41-45ba-9a53-a7302702058a_m.png",
    "title": "Tualetinis popierius GRITE BLOSSOM (3 sluoksnių), 8 vnt.",
    "price": "2.39",
    "price_2": "0,3€/vnt.",
    "extra_info": "–50%"
  },
  {
    "image_url": "https://cdn.barbora.lt/products/15ba0ef4-4fc8-4579-99bb-493214b408c9_m.png",
    "title": "Konservuotų pupelių mišinys WELL DONE, 400 g",
    "price": "1.01",
    "price_2": "2,53€/kg",
    "extra_info": "–25%"
  },
  {
    "image_url": "https://cdn.barbora.lt/products/c49e267e-3f67-4fa0-9e45-5e1a4d69e8a3_m.png",
    "title": "Karštai rūk. garuose virtas kiaulienos kumpis PORMET, I r., 100 g",
    "price": "0.99",
    "price_2": null,
    "extra_info": "2 ar daugiau su –20%"
  },
  {
    "image_url": "https://cdn.barbora.lt/products/4524fe77-8286-44ab-8559-8bbd59ebcf8d_m.png",
    "title": "Česnakinis mėsos ir vištienos marinatas SANTA MARIA BBQ, 75 g",
    "price": "0.99",
    "price_2": null,
    "extra_info": "2 ar daugiau su –50%"
  },
  {
    "image_url": "https://cdn.barbora.lt/products/3c653daa-bd14-4622-9d51-0c7502293a78_m.png",
    "title": "Žieminis langų skystis SOLID BY KAUFTEC PRO -15 ⁰C, 4 l, 4 l",
    "price": "4.89",
    "price_2": null,
    "extra_info": "2 ar daugiau su –40%"
  },
  {
    "image_url": "https://cdn.barbora.lt/products/e5713bb1-b1cc-40f8-85fa-4bbcab780243_m.png",
    "title": "Dribsnių batonėlis NESTLE NESQUIK, 150 g",
    "price": "1.79",
    "price_2": "11,93€/kg",
    "extra_info": "–40%"
  },
  {
    "image_url": "https://cdn.barbora.lt/products/40512162-b2cb-48ad-8065-9e72d7ece473_m.png",
    "title": "Avižų granola BEGGININGS su karijomis, 200 g",
    "price": "2.24",
    "price_2": "11,2€/kg",
    "extra_info": "–25%"
  },
  {
    "image_url": "https://cdn.barbora.lt/products/d9a278d8-83d6-4d14-8fc5-e4d8d23f6009_m.png",
    "title": "Šaldyta tamsi čiabata LIETUVOS KEPĖJAS, 300 g",
    "price": "1.19",
    "price_2": "3,97€/kg",
    "extra_info": "–20%"
  },
  {
    "image_url": "https://cdn.barbora.lt/products/87de948e-e409-4bfe-a28a-a2938aa951e4_m.png",
    "title": "Čiobreliai SANTA MARIA, 10 g",
    "price": "0.99",
    "price_2": null,
    "extra_info": "2 ar daugiau su –50%"
  },
  {
    "image_url": "https://cdn.barbora.lt/products/57bcce1d-94f1-4779-a562-7094fc6a976f_m.png",
    "title": "Elektrolitų gėrimo tabletės MAXI NUTRITION, greipfrutų sk., 40 g",
    "price": "1.79",
    "price_2": "44,75€/kg",
    "extra_info": "–40%"
  },
  {
    "image_url": "https://cdn.barbora.lt/products/7be8fbd4-2dfc-432e-8c24-df6c3d398b68_m.png",
    "title": "Elektrolitų tabletės MAXI NUTRITION, juodųjų serbentų skonio, 40 g",
    "price": "1.79",
    "price_2": "44,75€/kg",
    "extra_info": "–40%"
  },
  {
    "image_url": "https://cdn.barbora.lt/products/d13cfd0f-ebbf-45a1-8fdc-e4ef5ba454d8_m.png",
    "title": "Ekologiškas tamsus RAW agavų sirupas AMRITA, 250 ml",
    "price": "3.49",
    "price_2": "13,96€/l",
    "extra_info": "–38%"
  },
  {
    "image_url": "https://cdn.barbora.lt/products/4e28ed19-7bea-426c-8460-c39ea57c3b81_m.png",
    "title": "Balt. jogurto gėrimas su miško uog. VALIO PROFEEL, 0,1%rieb., 275 g",
    "price": "1.19",
    "price_2": "4,33€/kg",
    "extra_info": "–20%"
  },
  {
    "image_url": "https://cdn.barbora.lt/products/79707246-a4fe-4c8d-9872-c5dc7a3a6306_m.png",
    "title": "Gabalinis tualetinis muilas DOVE PINK, 90 g",
    "price": "0.59",
    "price_2": "6,56€/kg",
    "extra_info": "–53%"
  },
  {
    "image_url": "https://cdn.barbora.lt/products/56ee2521-7451-4f58-8f5b-7f2035fd3f4a_m.png",
    "title": "Bulvių traškučiai TAFFEL SAN DIEGO, 250 g",
    "price": "1.69",
    "price_2": "6,76€/kg",
    "extra_info": "–51%"
  },
  {
    "image_url": "https://cdn.barbora.lt/products/a84ea454-c68f-493d-81de-91dd024f4c85_m.png",
    "title": "Fermentuotas sojų produktas ALPRO, braškių ir aviečių skonio, 150 g",
    "price": "1.39",
    "price_2": "9,27€/kg",
    "extra_info": "–30%"
  },
  {
    "image_url": "https://cdn.barbora.lt/products/a27b9f9b-fa78-435f-a294-2ee38ccdebe5_m.png",
    "title": "Batonėlis NESTLE MUSLI su braškėmis, 35 g",
    "price": "0.47",
    "price_2": "13,43€/kg",
    "extra_info": "–41%"
  },
  {
    "image_url": "https://cdn.barbora.lt/products/3fc81431-a7c0-4964-805f-902fde521722_m.png",
    "title": "Mediniai dantų krapštukai, 200 vnt. Su minkšta dėžute",
    "price": "0.29",
    "price_2": null,
    "extra_info": "2 ar daugiau su –40%"
  },
  {
    "image_url": "https://cdn.barbora.lt/products/29377a7e-cba4-46d8-8716-4b075583a770_m.png",
    "title": "Gazuotas gėrimas COCA COLA, 500 ml",
    "price": "1.29",
    "price_2": null,
    "extra_info": "2 už 1,89€"
  },
  {
    "image_url": "https://cdn.barbora.lt/products/6aa14822-e9f2-481e-ba0e-79f24aae14f3_m.png",
    "title": "Kačių skanėstas DREAMIES su katžole, 60 g",
    "price": "1.95",
    "price_2": null,
    "extra_info": "2 už 1 kainą"
  },
  {
    "image_url": "https://cdn.barbora.lt/products/a8454bbe-c474-4ba9-bc96-40c71de94663_m.png",
    "title": "Silikagelio kraikas katėms, LOVETT, 3,8L",
    "price": "3.28",
    "price_2": "0,86€/l",
    "extra_info": "–30%"
  },
  {
    "image_url": "https://cdn.barbora.lt/products/2d58770a-d15e-44ac-b4dc-6d9ec72f960e_m.png",
    "title": "Vaflinis batonėlis KINDER CRISPY, 34 g",
    "price": "1.19",
    "price_2": null,
    "extra_info": "2 ar daugiau su –25%"
  },
  {
    "image_url": "https://cdn.barbora.lt/products/6f6549c2-3473-40a9-a3ad-15aac9c25df9_m.png",
    "title": "Vytinta pjaustyta BERETTA dešra SALAME SPIANATA, nerūš., 80 g",
    "price": "2.99",
    "price_2": null,
    "extra_info": "2 ar daugiau su –20%"
  },
  {
    "image_url": "https://cdn.barbora.lt/products/9c76eb18-e377-479d-86da-d259b34431bb_m.png",
    "title": "Lėtai virti šonkauliai su klevų sirupu GRYNUOLIAI, 600 g",
    "price": "4.99",
    "price_2": "8,32€/kg",
    "extra_info": "–50%"
  },
  {
    "image_url": "https://cdn.barbora.lt/products/c97fb7a5-13e6-4992-914f-6b62189e4f26_m.png",
    "title": "Valgom. ekologiš. jogurtas DOBILAS su obuoliais, 3,2 % rieb., 125 g",
    "price": "0.75",
    "price_2": "6€/kg",
    "extra_info": "–31%"
  },
  {
    "image_url": "https://cdn.barbora.lt/products/818c4c7b-a6ca-4f98-80a8-01fa2efcbe60_m.png",
    "title": "Visų grūdo dalių makaronai LA MOLISANA (spagečiai), 500 g",
    "price": "1.19",
    "price_2": "2,38€/kg",
    "extra_info": "–40%"
  },
  {
    "image_url": "https://cdn.barbora.lt/products/176c7c53-4354-4ce4-9c04-52d741c80e47_m.png",
    "title": "Nesaldintas gėrimas ALPRO, avižų skonio, 1 l",
    "price": "2.3",
    "price_2": "2,3€/l",
    "extra_info": "–30%"
  },
  {
    "image_url": "https://cdn.barbora.lt/products/1db400a7-a3c6-48e7-b945-40b40452db46_m.png",
    "title": "Švelnusis pomidorų padažas SANTA MARIA TEX MEX TACO, 230 g",
    "price": "3.29",
    "price_2": null,
    "extra_info": "2 ar daugiau su –50%"
  },
  {
    "image_url": "https://cdn.barbora.lt/products/aa33a23d-a134-4eea-ae8b-36ef29063d33_m.png",
    "title": "Pipirmėčių lapų arbata ŽOLYNĖLIS, 30 g",
    "price": "1.49",
    "price_2": null,
    "extra_info": "2 ar daugiau su –25%"
  },
  {
    "image_url": "https://cdn.barbora.lt/products/9e8c1f6f-b81a-48d4-bb56-c0bd85ec7b1f_m.png",
    "title": "Sausainiai GAIDELIS 7 GRŪDAI su vanile, 160 g",
    "price": "1.29",
    "price_2": null,
    "extra_info": "2 ar daugiau su –25%"
  },
  {
    "image_url": "https://cdn.barbora.lt/products/a24f2960-f46a-4f1e-a449-5857649dca2f_m.png",
    "title": "Dantų pasta COLGATE CAVITY PROTECTION WHITENING, 75 ml",
    "price": "1.59",
    "price_2": null,
    "extra_info": "2 ar daugiau su –40%"
  },
  {
    "image_url": "https://cdn.barbora.lt/products/c9a76413-96a3-4b09-8234-d2459b9b523b_m.png",
    "title": "Kukurūzų traškučiai SANTA MARIA TEX MEX NACHO, 185 g",
    "price": "2.59",
    "price_2": null,
    "extra_info": "2 ar daugiau su –50%"
  },
  {
    "image_url": "https://cdn.barbora.lt/products/d82478a3-aa08-4b94-81bc-e1d91b4cfd3d_m.png",
    "title": "Geltonasis kario troškinys su pievagrybiais ACTIVUS EKO, 283 g",
    "price": "1.97",
    "price_2": "6,96€/kg",
    "extra_info": "–40%"
  },
  {
    "image_url": "https://cdn.barbora.lt/products/16084de8-3aba-4f4e-b07f-5b788ae1d4c5_m.png",
    "title": "Vištienos sriuba MAGGI su makaronais, 12 g",
    "price": "0.35",
    "price_2": "29,17€/kg",
    "extra_info": "–41%"
  },
  {
    "image_url": "https://cdn.barbora.lt/products/38a239f2-d1ed-45cc-b20f-7e2632af85b1_m.png",
    "title": "Virta SAMSONIUKŲ dešra, a. r., 300 g",
    "price": "2.19",
    "price_2": "7,3€/kg",
    "extra_info": "–41%"
  },
  {
    "image_url": "https://cdn.barbora.lt/products/b6efec15-171c-428f-af36-226c5f5c1d41_m.png",
    "title": "Greitai paruošimi makaronai MAGGI (vištienos skonio), 59.2 g",
    "price": "0.47",
    "price_2": "7,94€/kg",
    "extra_info": "–41%"
  },
  {
    "image_url": "https://cdn.barbora.lt/products/451f03dc-46e8-4877-8a1c-b4713b7fa85d_m.png",
    "title": "Skalbiamasis gelis PERSIL COLOR, 44 skalb., 1.98 l",
    "price": "9.59",
    "price_2": "4,85€/l",
    "extra_info": "–40%"
  },
  {
    "image_url": "https://cdn.barbora.lt/products/72c3e1f6-819e-4b31-a6fa-66cf2b776fed_m.png",
    "title": "Kukurūzų užkandis CHEETOS PIZZERINI, picos skonio, 160 g",
    "price": "1.29",
    "price_2": "8,06€/kg",
    "extra_info": "–50%"
  },
  {
    "image_url": "https://cdn.barbora.lt/products/097413bd-d54d-4d73-bb16-9f8cca83ec80_m.png",
    "title": "K. r. viščiukų broil., blauzdelės be sąn., su kmynais, a. r., 400 g",
    "price": "2.99",
    "price_2": "7,48€/kg",
    "extra_info": "–30%"
  },
  {
    "image_url": "https://cdn.barbora.lt/products/2dac4cfd-fd7e-4e93-9af6-9f7aae8f8f0e_m.png",
    "title": "Fermentuotas sojų produktas ALPRO, pasiflorų skonio, 150 g",
    "price": "1.39",
    "price_2": "9,27€/kg",
    "extra_info": "–30%"
  },
  {
    "image_url": "https://cdn.barbora.lt/products/d66ef82b-b3a2-43f3-8d4b-b52379d7d39f_m.png",
    "title": "KLASIKINIAI traškučiai TALER OVEN BAKED, 180 g",
    "price": "1.69",
    "price_2": null,
    "extra_info": "2 ar daugiau su –25%"
  },
  {
    "image_url": "https://cdn.barbora.lt/products/f77bbae4-5fa1-4138-99a0-64c850cc10da_m.png",
    "title": "Virta BAJORŲ daktariška dešra, a.r., 500 g",
    "price": "2.39",
    "price_2": "4,78€/kg",
    "extra_info": "–40%"
  },
  {
    "image_url": "https://cdn.barbora.lt/products/c93b176d-3887-4bb3-be10-b1fd174bfe64_m.png",
    "title": "Marinuoti agurkėliai WELL DONE su medumi, 340 g",
    "price": "1.59",
    "price_2": "4,67€/kg",
    "extra_info": "–20%"
  },
  {
    "image_url": "https://cdn.barbora.lt/products/57df700e-1502-4f78-8231-0f679c4cac7a_m.png",
    "title": "Juodieji pipirai SANTA MARIA (žirneliai), 22 g",
    "price": "1.49",
    "price_2": null,
    "extra_info": "2 ar daugiau su –50%"
  },
  {
    "image_url": "https://cdn.barbora.lt/products/6b86a5b2-c865-449e-a910-5c5a84180e38_m.png",
    "title": "Provanso žolelės SANTA MARIA, 6 g",
    "price": "0.99",
    "price_2": null,
    "extra_info": "2 ar daugiau su –50%"
  },
  {
    "image_url": "https://cdn.barbora.lt/products/2f5f098f-f2b4-4cc2-b5b4-1aa49e74b958_m.png",
    "title": "Valg. ekologiškas jogurtas DOBILAS su vanile, 3,2 % rieb., 300 g",
    "price": "1.49",
    "price_2": "4,97€/kg",
    "extra_info": "–32%"
  },
  {
    "image_url": "https://cdn.barbora.lt/products/cb10bcb6-71c0-4c8a-917b-f26be4b75d17_m.png",
    "title": "Dribsniai NESTLE NESQUIK, kakavos skonio, 625 g",
    "price": "3.59",
    "price_2": "5,74€/kg",
    "extra_info": "–40%"
  },
  {
    "image_url": "https://cdn.barbora.lt/products/5d2b99d9-9dfa-46fc-a8d9-007838e9c343_m.png",
    "title": "Karštai rūkytas saliamis WELL DONE, a. r., 200 g",
    "price": "1.89",
    "price_2": null,
    "extra_info": "2 ar daugiau su –20%"
  },
  {
    "image_url": "https://cdn.barbora.lt/products/5b531dec-fb5b-4681-8e46-91ce1f132299_m.png",
    "title": "Vaikiškas kūno prausiklis-šampūnas WELEDA su medetkomis, 200 ml",
    "price": "10.99",
    "price_2": null,
    "extra_info": "2 ar daugiau su –40%"
  },
  {
    "image_url": "https://cdn.barbora.lt/products/913d6d9b-7191-4838-b181-0287618b149a_m.png",
    "title": "Šviesi ruginė raikyta GUDOBELĖS duona, 700 g",
    "price": "1.45",
    "price_2": "2,07€/kg",
    "extra_info": "–19%"
  },
  {
    "image_url": "https://cdn.barbora.lt/products/68a57c0c-22d3-4b8b-af12-15d0c41b73c6_m.png",
    "title": "Šaltai rūkyta KLEBONIŠKA nugarinė, a. r., 80 g",
    "price": "2.59",
    "price_2": null,
    "extra_info": "2 ar daugiau su –20%"
  },
  {
    "image_url": "https://cdn.barbora.lt/products/46d02580-af04-4b99-bd24-aebf3f7bf5df_m.png",
    "title": "Pjaustyta ispaniška dešra PEPPERONI, nerūšinė, 120 g",
    "price": "1.99",
    "price_2": null,
    "extra_info": "2 ar daugiau su –20%"
  },
  {
    "image_url": "https://cdn.barbora.lt/products/25ab77cd-53a1-4121-bb97-855a42b8795d_m.png",
    "title": "Alyvuogių išspaudų aliejus BASSO, 1 l",
    "price": "5.09",
    "price_2": "5,09€/l",
    "extra_info": "–40%"
  },
  {
    "image_url": "https://cdn.barbora.lt/products/c10f047d-5ef9-4060-9a13-cd3c3aa7d361_m.png",
    "title": "Veganiška duona su kanapėmis, 390 g",
    "price": "1.29",
    "price_2": "3,31€/kg",
    "extra_info": "–11%"
  },
  {
    "image_url": "https://cdn.barbora.lt/products/a1705fac-0bf4-43ad-a0fb-7cab3d9b6982_m.png",
    "title": "Šaldyti cepelinai BEATOS VIRTUVĖ su mėsa, 800 g",
    "price": "2.99",
    "price_2": "3,74€/kg",
    "extra_info": "–50%"
  },
  {
    "image_url": "https://cdn.barbora.lt/products/1010871a-5931-4345-9247-5816644dbe5e_m.png",
    "title": "Gabalinis tualetinis muilas DOVE FRESH REFRESH, 90 g",
    "price": "0.59",
    "price_2": "6,56€/kg",
    "extra_info": "–53%"
  },
  {
    "image_url": "https://cdn.barbora.lt/products/8476d6e2-fb10-4527-8015-d1de137bdb34_m.png",
    "title": "Gabalinis tualetinis muilas DOVE GENTLE EXFOLIATING, 90 g",
    "price": "0.55",
    "price_2": "6,11€/kg",
    "extra_info": "–56%"
  },
  {
    "image_url": "https://cdn.barbora.lt/products/6c7a32d5-54f1-4a07-b98f-2a690f762873_m.png",
    "title": "Ekologiški kūdikių sausainiai HIPP, nuo 6 mėn., 180 g, 180 g",
    "price": "4.05",
    "price_2": null,
    "extra_info": "2 ar daugiau su –25%"
  },
  {
    "image_url": "https://cdn.barbora.lt/products/e98158d6-e4ca-400c-bea4-92891b1e4ec3_m.png",
    "title": "DZŪKIJOS sausainiai LAUMĖS JUOSTA, 245 g",
    "price": "1.99",
    "price_2": null,
    "extra_info": "2 ar daugiau su –25%"
  },
  {
    "image_url": "https://cdn.barbora.lt/products/2e1d410f-7f81-48f3-95f7-e55e9c4fdf60_m.png",
    "title": "Ekologiškas datulių sirupas AMRITA, 250 ml",
    "price": "3.49",
    "price_2": "13,96€/l",
    "extra_info": "–38%"
  },
  {
    "image_url": "https://cdn.barbora.lt/products/89b1eebc-1ad2-49e5-bc2b-1faf95a5657c_m.png",
    "title": "Sausainiai MIO&RIO, 155 g",
    "price": "0.39",
    "price_2": null,
    "extra_info": "2 ar daugiau su –25%"
  },
  {
    "image_url": "https://cdn.barbora.lt/products/b667f275-6c89-4657-8111-cad726b9d6dd_m.png",
    "title": "Ger. jogurtas VALIO PROFEEL, atogr. vaisių sk., 0,15 % rieb., 275 g",
    "price": "1.19",
    "price_2": "4,33€/kg",
    "extra_info": "–20%"
  },
  {
    "image_url": "https://cdn.barbora.lt/products/a3219b72-2a1a-48c6-a441-d723a58c563a_m.png",
    "title": "Universalieji prieskoniai VEGETA, 75 g",
    "price": "0.79",
    "price_2": null,
    "extra_info": "2 ar daugiau su –40%"
  },
  {
    "image_url": "https://cdn.barbora.lt/products/c231b517-d0ac-43f9-9c13-242f0ef3b517_m.png",
    "title": "Smulkinti česnakai SANTA MARIA 25 g, 25 g",
    "price": "1.19",
    "price_2": null,
    "extra_info": "2 ar daugiau su –50%"
  },
  {
    "image_url": "https://cdn.barbora.lt/products/0bab6cb4-cdd2-4a92-9ff8-077c975b5f44_m.png",
    "title": "Viduržemio jūros prieskoninių žolelių mišinys SANTA MARIA, 12 g",
    "price": "0.99",
    "price_2": null,
    "extra_info": "2 ar daugiau su –50%"
  },
  {
    "image_url": "https://cdn.barbora.lt/products/c6c886a3-2bb8-431e-b397-4b1bca88c369_m.png",
    "title": "Karštai rūkyta pjaustyta KROKUVOS dešra BIOVELA, I r., 180 g",
    "price": "2.49",
    "price_2": null,
    "extra_info": "2 ar daugiau su –20%"
  },
  {
    "image_url": "https://cdn.barbora.lt/products/62d40afd-d60f-4328-9ba7-78624d57917b_m.png",
    "title": "Juodoji arbata LIPTON YELLOW LABEL, 50 g",
    "price": "1.67",
    "price_2": "33,4€/kg",
    "extra_info": "–40%"
  },
  {
    "image_url": "https://cdn.barbora.lt/products/5815129b-3b48-4b49-8089-a9e02dc6fa63_m.png",
    "title": "SOSTINĖS tamsi duona, 800 g",
    "price": "1.59",
    "price_2": "1,99€/kg",
    "extra_info": "–20%"
  },
  {
    "image_url": "https://cdn.barbora.lt/products/bfc4fe4e-182e-4e9d-8de9-87ac40801a5e_m.png",
    "title": "Ekologiškas šalto spaudimo kokosų aliejus AMRITA, 200 ml",
    "price": "2.49",
    "price_2": "12,45€/l",
    "extra_info": "–34%"
  },
  {
    "image_url": "https://cdn.barbora.lt/products/7804cbab-4886-4694-b4f2-6ef04a80957d_m.png",
    "title": "Saldžios grietinėlės ŽEMAITIJOS sviestas, 82 % rieb., 200 g",
    "price": "1.45",
    "price_2": "7,25€/kg",
    "extra_info": "–52%"
  },
  {
    "image_url": "https://cdn.barbora.lt/products/ef0b075a-c202-41a8-b4f9-dd0b9dc60fc6_m.png",
    "title": "Virtos pieniškos dešrelės JOKIŲ PRIDĖTINIŲ E, a. r., 210 g",
    "price": "1.79",
    "price_2": "8,52€/kg",
    "extra_info": "–40%"
  },
  {
    "image_url": "https://cdn.barbora.lt/products/e314366c-59a7-4675-b3bc-0f42b924a659_m.png",
    "title": "Traškios vištienos prieskonių mišinys SANTA MARIA, 50 g",
    "price": "1.89",
    "price_2": null,
    "extra_info": "2 ar daugiau su –50%"
  },
  {
    "image_url": "https://cdn.barbora.lt/products/36de2596-5ba4-4057-8bd7-54e677dff85d_m.png",
    "title": "Vonios valiklis KH-7, 750 ml",
    "price": "3.35",
    "price_2": "4,46€/l",
    "extra_info": "–40%"
  },
  {
    "image_url": "https://cdn.barbora.lt/products/db1151d2-1fe3-4c7f-afc1-97cd35864214_m.png",
    "title": "Kakaviniai sausainiai BELVITA COCOA su šokolado gabalėliais, 300 g",
    "price": "3.79",
    "price_2": null,
    "extra_info": "2 ar daugiau su –25%"
  },
  {
    "image_url": "https://cdn.barbora.lt/products/5d8f5911-9534-475b-bbf4-4f3f99e899bf_m.png",
    "title": "Sausainiai GRYBUKAI LINKSMUČIAI, juodojo šokolado skonio, 170 g",
    "price": "1.89",
    "price_2": null,
    "extra_info": "2 ar daugiau su –25%"
  },
  {
    "image_url": "https://cdn.barbora.lt/products/c5217dfa-3a1b-4f7b-9096-7a1a991a5b53_m.png",
    "title": "Kukurūzų traškučiai SANTA MARIA TEX MEX NACHO, 475 g",
    "price": "5.09",
    "price_2": null,
    "extra_info": "2 ar daugiau su –50%"
  },
  {
    "image_url": "https://cdn.barbora.lt/products/8f528478-afdb-47f4-bc8a-c837be3b20f9_m.png",
    "title": "Prieskoninių daržovių mišinys VEGETA NATUR be maisto priedų, 150 g",
    "price": "1.89",
    "price_2": null,
    "extra_info": "2 ar daugiau su –40%"
  },
  {
    "image_url": "https://cdn.barbora.lt/products/8a1e9499-4a09-49a9-b407-66febeef07a4_m.png",
    "title": "Virtas KLASIKINIS kiaulienos kumpis, I r., 90 g",
    "price": "2.29",
    "price_2": null,
    "extra_info": "2 ar daugiau su –20%"
  },
  {
    "image_url": "https://cdn.barbora.lt/products/059de78d-aa9c-44e1-ac01-42bb41760570_m.png",
    "title": "Virtas pjaustytas GIMINIŲ kiaulienos kumpis, I r., 180 g",
    "price": "2.99",
    "price_2": null,
    "extra_info": "2 ar daugiau su –20%"
  },
  {
    "image_url": "https://cdn.barbora.lt/products/833d4098-54a0-4df4-8684-f66c9b701da4_m.png",
    "title": "Žalioji arbata su citrina LIPTON, 20 vnt., 26 g",
    "price": "1.79",
    "price_2": "68,85€/kg",
    "extra_info": "–40%"
  },
  {
    "image_url": "https://cdn.barbora.lt/products/19c05b55-919c-4fcd-89d9-da71b9b32ec8_m.png",
    "title": "Vytinta sausai sūdyta KLEBONIŠKA nugarinė, pjaustyta, a. r., 100 g",
    "price": "2.99",
    "price_2": null,
    "extra_info": "2 ar daugiau su –20%"
  },
  {
    "image_url": "https://cdn.barbora.lt/products/2339cad7-f957-4c1f-937e-fc6bd9308cf5_m.png",
    "title": "Ekologiški sausainiai ORGANIX ŪKIO GYVŪNAI, nuo 12 mėn., 100 g",
    "price": "4.19",
    "price_2": null,
    "extra_info": "2 ar daugiau su –25%"
  },
  {
    "image_url": "https://cdn.barbora.lt/products/f2eb4907-df98-4fa9-a2fc-fbc1fe41b0bf_m.png",
    "title": "Dantų siūlas ORAL-B ESSENTIAL, mėtų skonio, 50 m.",
    "price": "3.49",
    "price_2": null,
    "extra_info": "2 ar daugiau su –40%"
  },
  {
    "image_url": "https://cdn.barbora.lt/products/1e6bf6f9-4adf-45df-bbcc-502f53a3dc9a_m.png",
    "title": "Sėlenų dribsniai BONA VITA, 375 g",
    "price": "1.34",
    "price_2": "3,57€/kg",
    "extra_info": "–25%"
  },
  {
    "image_url": "https://cdn.barbora.lt/products/5a9aa56a-c193-4890-9bdf-9b6ec8057275_m.png",
    "title": "Šaltai rūkyta BAJORŲ šoninė, pjaustyta griežinėliais, 120 g",
    "price": "1.35",
    "price_2": "11,25€/kg",
    "extra_info": "–41%"
  },
  {
    "image_url": "https://cdn.barbora.lt/products/623f810b-dc8c-4687-b2a3-2a41d8680762_m.png",
    "title": "Ekologiškas jogurtas su slyvomis DOBILAS, 3,1 % rieb., 125 g",
    "price": "0.75",
    "price_2": "6€/kg",
    "extra_info": "–31%"
  },
  {
    "image_url": "https://cdn.barbora.lt/products/eae98278-1b1a-4fdf-9043-a3fa4485604f_m.png",
    "title": "Prieskoniai VEGETA auksinei vištienai kepti, 20 g",
    "price": "0.69",
    "price_2": null,
    "extra_info": "2 ar daugiau su –40%"
  },
  {
    "image_url": "https://cdn.barbora.lt/products/c484e74b-0701-4f31-ad30-471bff809317_m.png",
    "title": "Daržovių sultinys MAGGI, 160 g, 160 g",
    "price": "1.19",
    "price_2": "7,44€/kg",
    "extra_info": "–40%"
  },
  {
    "image_url": "https://cdn.barbora.lt/products/8d37be6e-e198-45ff-8294-e92fe77db5a3_m.png",
    "title": "Karštai rūkyti viščiukų sparnelių peteliai su kmynais, a. r., 300 g",
    "price": "2.39",
    "price_2": "7,96€/kg",
    "extra_info": "–32%"
  },
  {
    "image_url": "https://cdn.barbora.lt/products/1a0de3a6-cd82-4115-8cf2-048649345c74_m.png",
    "title": "Vaisinė arbata ŽOLYNĖLIS su obuoliais ir cinamonu, 50 g",
    "price": "2.49",
    "price_2": null,
    "extra_info": "2 ar daugiau su –25%"
  },
  {
    "image_url": "https://cdn.barbora.lt/products/5d371f89-5327-4471-a8eb-8ed9da465fba_m.png",
    "title": "Žolelių arbata ŠALTUKUI PASPAUDUS, vaikams, 30 g",
    "price": "1.99",
    "price_2": null,
    "extra_info": "2 ar daugiau su –25%"
  },
  {
    "image_url": "https://cdn.barbora.lt/products/113c8346-3cb8-4070-a80f-57e7e9054678_m.png",
    "title": "Valg. jogurtas VALIO PROFEEL su sald., krembr. sk.,0,3%rieb., 200 g",
    "price": "1.11",
    "price_2": "5,55€/kg",
    "extra_info": "–20%"
  },
  {
    "image_url": "https://cdn.barbora.lt/products/3905c449-b480-4df9-9e93-d5bbd1e13189_m.png",
    "title": "Vafliai ROSHEN su citrinų skonio įdaru, 216 g",
    "price": "1.79",
    "price_2": null,
    "extra_info": "2 ar daugiau su –25%"
  },
  {
    "image_url": "https://cdn.barbora.lt/products/63e1f678-c0eb-4059-8a20-7d25285a2e2c_m.png",
    "title": "Visų grūdo dalių makaronai LA MOLISANA (vamzdeliai), 500 g",
    "price": "1.19",
    "price_2": "2,38€/kg",
    "extra_info": "–40%"
  },
  {
    "image_url": "https://cdn.barbora.lt/products/662672b5-adec-42b9-b514-cf9112e2b56f_m.png",
    "title": "Šaltai rūkyta kiaulienos filė, pjaustyta a. r., 100 g",
    "price": "2.15",
    "price_2": "21,5€/kg",
    "extra_info": "–20%"
  },
  {
    "image_url": "https://cdn.barbora.lt/products/6e484133-b7df-4dbd-95d3-8e8aae5c1582_m.png",
    "title": "Sausainiai GAIDELIS ŠOKOLADAS, 160 g",
    "price": "0.85",
    "price_2": null,
    "extra_info": "2 ar daugiau su –25%"
  },
  {
    "image_url": "https://cdn.barbora.lt/products/bffeb2b1-2e26-4e89-87dd-6f19b879ef06_m.png",
    "title": "KLAIPĖDOS virtas pjaustytas vištos krūtinėlės kumpis, a. r., 100 g",
    "price": "1.49",
    "price_2": "14,9€/kg",
    "extra_info": "–21%"
  },
  {
    "image_url": "https://cdn.barbora.lt/products/0234beb6-b290-4d6f-b15c-c8f83df843c5_m.png",
    "title": "Dribsnių batonėlis NESTLE FITNESS su šokoladu, 23.5 g",
    "price": "0.39",
    "price_2": "16,6€/kg",
    "extra_info": "–40%"
  },
  {
    "image_url": "https://cdn.barbora.lt/products/647f2789-ea48-4839-ac28-393423b716da_m.png",
    "title": "Vištienos prieskoniai SANTA MARIA, 275 g",
    "price": "4.89",
    "price_2": null,
    "extra_info": "2 ar daugiau su –50%"
  },
  {
    "image_url": "https://cdn.barbora.lt/products/8c1d8ee5-ef47-4a4e-9ae0-a15dee9d94cb_m.png",
    "title": "Riestainiai GARLIAVOS DUONA, 320 g",
    "price": "1.39",
    "price_2": null,
    "extra_info": "2 ar daugiau su –25%"
  },
  {
    "image_url": "https://cdn.barbora.lt/products/5694116a-5069-44a7-9bfc-63da803b439a_m.png",
    "title": "Skystasis skalbiklis NEUTRAL BLACK, 20 skalb., 1 l",
    "price": "5.75",
    "price_2": "5,75€/l",
    "extra_info": "–40%"
  },
  {
    "image_url": "https://cdn.barbora.lt/products/2f0ec2e3-98e4-4cbd-b38c-ebfd3fe11978_m.png",
    "title": "Kukurūzų užkandis CHEETOS CRUNCHOS, saldž. aitr. paprikų sk., 165 g",
    "price": "1.29",
    "price_2": "7,82€/kg",
    "extra_info": "–50%"
  },
  {
    "image_url": "https://cdn.barbora.lt/products/48e797d2-0f1b-44ae-b670-5bf775cd51b2_m.png",
    "title": "Elektrolitų gėrimo tabletės MAXI NUTRITION, obuolių skonio, 40 g",
    "price": "1.79",
    "price_2": "44,75€/kg",
    "extra_info": "–40%"
  },
  {
    "image_url": "https://cdn.barbora.lt/products/95f8dd9f-dce9-4be8-8c74-0b36aaa252e4_m.png",
    "title": "Bolonijos padažas FELIX BOLOGNESE makaronams, 390 g",
    "price": "1.76",
    "price_2": "4,52€/kg",
    "extra_info": "–25%"
  },
  {
    "image_url": "https://cdn.barbora.lt/products/3961d35f-1200-4621-aa65-d17d14aa6e6e_m.png",
    "title": "KAKĖS MAKĖS burnos skalavimo skystis ECODENTA vaikams, 250 ml",
    "price": "3.49",
    "price_2": null,
    "extra_info": "2 ar daugiau su –40%"
  },
  {
    "image_url": "https://cdn.barbora.lt/products/eae20661-0b24-418c-89d9-e2919fa98683_m.png",
    "title": "Virtos MAŽYLIŲ dešrelės su kalakutiena ir jod. druska,a.r., 210 g",
    "price": "1.79",
    "price_2": "8,52€/kg",
    "extra_info": "–40%"
  },
  {
    "image_url": "https://cdn.barbora.lt/products/cc59f7d5-71d2-454b-ad39-e4ae2ab3c460_m.png",
    "title": "NIVEA BLACK&WHITE CLEAR rutulinis antiperspirantas moterims, 50 ml",
    "price": "2.39",
    "price_2": "47,8€/l",
    "extra_info": "–50%"
  },
  {
    "image_url": "https://cdn.barbora.lt/products/824bd46c-c4ae-4f38-8c67-f07b043f2cca_m.png",
    "title": "NAMINIAI sausainiai, 300 g",
    "price": "2.99",
    "price_2": null,
    "extra_info": "2 ar daugiau su –25%"
  },
  {
    "image_url": "https://cdn.barbora.lt/products/12a4b31e-34d5-47cf-b01a-0768e7038f38_m.png",
    "title": "Ramunėlių arbata EXTRA LINE, 24 g",
    "price": "0.33",
    "price_2": null,
    "extra_info": "2 ar daugiau su –25%"
  },
  {
    "image_url": "https://cdn.barbora.lt/products/882122b5-6eaf-4b0b-9c79-f3cb27a91f53_m.png",
    "title": "Ekologiškos perlinės kruopos EKOFRISA, 400 g",
    "price": "0.79",
    "price_2": "1,98€/kg",
    "extra_info": "–25%"
  },
  {
    "image_url": "https://cdn.barbora.lt/products/268a35f7-2ac3-4d9c-9b69-51e443ac1ba7_m.png",
    "title": "Juodoji arbata ETNO EARL GREY su bergamotėmis, 40 g",
    "price": "2.09",
    "price_2": null,
    "extra_info": "2 ar daugiau su –25%"
  },
  {
    "image_url": "https://cdn.barbora.lt/products/e8c6621e-2552-433a-8dea-616f2a53b3a5_m.png",
    "title": "Pasiflorų vaisių skonio želė be pridėtinio cukraus, 95 g",
    "price": "1.11",
    "price_2": "11,68€/kg",
    "extra_info": "–26%"
  },
  {
    "image_url": "https://cdn.barbora.lt/products/a3090d23-51b4-4e4b-937d-61f10d10fdd2_m.png",
    "title": "Šaldyti bulvių laiveliai WERNSING, 600 g",
    "price": "2.69",
    "price_2": "4,48€/kg",
    "extra_info": "–18%"
  },
  {
    "image_url": "https://cdn.barbora.lt/products/01405693-33f8-4044-a3c6-134e8f3e8bb7_m.png",
    "title": "K.rūk. viščiukų broilerių šlaunelių mėsa be antibiotikų, a.r, 400 g",
    "price": "4.19",
    "price_2": "10,48€/kg",
    "extra_info": "–30%"
  },
  {
    "image_url": "https://cdn.barbora.lt/products/8f0092a0-9758-43ec-9cd8-87d92a89e447_m.png",
    "title": "Fermentuotas sojų produktas ALPRO, natūralaus jogurto skonio, 400 g",
    "price": "1.95",
    "price_2": "4,88€/kg",
    "extra_info": "–30%"
  },
  {
    "image_url": "https://cdn.barbora.lt/products/358b0c9e-0a9d-46c0-bfcd-1817d960ac87_m.png",
    "title": "Prieskonių mišinys VEGETA, 250 g",
    "price": "2.49",
    "price_2": null,
    "extra_info": "2 ar daugiau su –40%"
  },
  {
    "image_url": "https://cdn.barbora.lt/products/1ab061f7-37dd-4b7e-8e75-96d43c095fc9_m.png",
    "title": "Makaronai ROTELLE LAMOLISANA Nr 71., 500g",
    "price": "1.07",
    "price_2": "2,14€/kg",
    "extra_info": "–40%"
  },
  {
    "image_url": "https://cdn.barbora.lt/products/c97320fc-252b-4e25-b241-f34e3d42df08_m.png",
    "title": "Sausainiai MULINO BIANCO GALLETTI, 350 g",
    "price": "2.99",
    "price_2": null,
    "extra_info": "2 ar daugiau su –25%"
  },
  {
    "image_url": "https://cdn.barbora.lt/products/eed67668-87b6-435c-9a42-a8824770a885_m.png",
    "title": "Skystasis skalbiklis NEUTRAL COLOR, 39 skalb., 1.95 l",
    "price": "13.79",
    "price_2": "7,07€/l",
    "extra_info": "–40%"
  },
  {
    "image_url": "https://cdn.barbora.lt/products/136ce99d-d8c8-4638-b88f-e21b4b48002b_m.png",
    "title": "Avižų ir sojų gėrimas su kalciu, vitaminais, karamelės skonio, 750 ml",
    "price": "2.58",
    "price_2": "3,44€/l",
    "extra_info": "–30%"
  },
  {
    "image_url": "https://cdn.barbora.lt/products/3fdf2ae9-2590-450e-a19f-2a4415aca3c9_m.png",
    "title": "Pilno grūdo makaronai LA MOLISANA MEZZI RIGATONI Nr. 32, 500 g",
    "price": "1.19",
    "price_2": "2,38€/kg",
    "extra_info": "–40%"
  },
  {
    "image_url": "https://cdn.barbora.lt/products/acbff62e-497a-419b-abbf-32cf5bb3783c_m.png",
    "title": "Distiliuotas vanduo ROTZ, 4 l, 4 l",
    "price": "2.49",
    "price_2": null,
    "extra_info": "2 ar daugiau su –40%"
  },
  {
    "image_url": "https://cdn.barbora.lt/products/a82b06fd-e6fd-44a1-b2b8-a06310e892a5_m.png",
    "title": "Šaldyti varškėtukai KAKĖ MAKĖ, 400 g",
    "price": "2.74",
    "price_2": "6,85€/kg",
    "extra_info": "–50%"
  },
  {
    "image_url": "https://cdn.barbora.lt/products/fbeda267-c091-4274-99f9-4959aa70870e_m.png",
    "title": "Duona skrudinimui TOSTE BRIOCHE STYLE, 320 g",
    "price": "1.69",
    "price_2": "5,28€/kg",
    "extra_info": "–19%"
  },
  {
    "image_url": "https://cdn.barbora.lt/products/69e1d4e8-0b62-4462-9ed5-131e8cddb7f5_m.png",
    "title": "Kūd. dantų šepetėlis-kramtukas JORDAN, 0-2 m., ypač minkštas, 1 vnt.",
    "price": "2.89",
    "price_2": null,
    "extra_info": "2 ar daugiau su –40%"
  },
  {
    "image_url": "https://cdn.barbora.lt/products/d5235135-f9ad-4a70-b926-606280d9c708_m.png",
    "title": "Vaikiška dantų pasta JORDAN vaisių skonio,6-12 metų, 50 ml",
    "price": "2.79",
    "price_2": null,
    "extra_info": "2 ar daugiau su –40%"
  },
  {
    "image_url": "https://cdn.barbora.lt/products/3fb3d0fb-6606-44c1-88bd-e7fda1599a2d_m.png",
    "title": "MOČIUTĖS LEGENDINIS vaflinis pyragas, 200 g",
    "price": "2.49",
    "price_2": null,
    "extra_info": "2 ar daugiau su –25%"
  },
  {
    "image_url": "https://cdn.barbora.lt/products/fbbdb47f-81bb-467f-8945-2ce89ab2a987_m.png",
    "title": "Mėsos prieskoniai SANTA MARIA su priesk. žolel. ir česnakais, 20 g",
    "price": "0.99",
    "price_2": null,
    "extra_info": "2 ar daugiau su –50%"
  },
  {
    "image_url": "https://cdn.barbora.lt/products/4a89ff87-3299-4c55-a8c3-8b170bedd043_m.png",
    "title": "Vaisinė arbata LOYD, vyšnių skonio, 40 g",
    "price": "2.99",
    "price_2": null,
    "extra_info": "2 ar daugiau su –25%"
  },
  {
    "image_url": "https://cdn.barbora.lt/products/4ec9dae0-95f7-48dc-bcff-b421ce0c8838_m.png",
    "title": "Karštai rūkytas BAJORŲ saliamis, vakuumuotas, a. r., 400 g",
    "price": "2.89",
    "price_2": "7,23€/kg",
    "extra_info": "–41%"
  },
  {
    "image_url": "https://cdn.barbora.lt/products/1ef44dbc-1086-40f6-b99e-06a21523fe27_m.png",
    "title": "BIRŽŲ DUONOS sausainiai SNIEGUTIS, 400 g",
    "price": "3.79",
    "price_2": null,
    "extra_info": "2 ar daugiau su –25%"
  },
  {
    "image_url": "https://cdn.barbora.lt/products/649232f0-587b-4c13-9d87-9109f83f7d57_m.png",
    "title": "Linų sėmenys (milteliai), 300 g",
    "price": "2.29",
    "price_2": "7,63€/kg",
    "extra_info": "–39%"
  },
  {
    "image_url": "https://cdn.barbora.lt/products/0b690f30-39fe-4ff4-b2d0-3119d817d42a_m.png",
    "title": "Balkšvųjų gysločių sėklų luobelės ŽOLYNĖLIS, 200 g",
    "price": "5.99",
    "price_2": "29,95€/kg",
    "extra_info": "–40%"
  },
  {
    "image_url": "https://cdn.barbora.lt/products/1cea45fc-c4e3-478e-b29b-b7d91978c294_m.png",
    "title": "Gvazdikėliai SANTA MARIA, 10 g",
    "price": "1.19",
    "price_2": null,
    "extra_info": "2 ar daugiau su –50%"
  },
  {
    "image_url": "https://cdn.barbora.lt/products/63af7e4d-7fcf-453d-a4b7-fc43245eee2b_m.png",
    "title": "Ypač grynas alyvuogių aliejus BASSO (purškiamasis), 200 ml",
    "price": "2.81",
    "price_2": "14,05€/l",
    "extra_info": "–40%"
  },
  {
    "image_url": "https://cdn.barbora.lt/products/4423e2b9-bfda-4456-8e76-ae081c9ed90b_m.png",
    "title": "Viščiukų broilerių sparnų peteliai WELL DONE, 500 g",
    "price": "1.99",
    "price_2": "3,98€/kg",
    "extra_info": "–13%"
  },
  {
    "image_url": "https://cdn.barbora.lt/products/1bb90981-8277-4606-a924-fa0ced9015e5_m.png",
    "title": "Šaltai rūkyta KLEBONIŠKA nugarinė su česnakais ir pomidorais, A.r., 100 g",
    "price": "2.29",
    "price_2": null,
    "extra_info": "2 ar daugiau su –20%"
  },
  {
    "image_url": "https://cdn.barbora.lt/products/b818e89a-9ef2-4cb5-9b35-56bc48044011_m.png",
    "title": "Vaflinis batonėlis KINDER BUENO su šokoladu, 43 g",
    "price": "1.29",
    "price_2": null,
    "extra_info": "2 ar daugiau su –25%"
  },
  {
    "image_url": "https://cdn.barbora.lt/products/f45704b2-bb1b-49a6-87be-5ce2faa5af9d_m.png",
    "title": "GARLIAVOS DUONOS sausainiai VILNIUS, 350 g",
    "price": "3.09",
    "price_2": null,
    "extra_info": "2 ar daugiau su –25%"
  },
  {
    "image_url": "https://cdn.barbora.lt/products/94fb2fc2-ab95-4b33-a766-2543e6a9244f_m.png",
    "title": "Kakavos skonio javų dribsniai NESTLE NESQUIK, 375 g",
    "price": "2.39",
    "price_2": "6,37€/kg",
    "extra_info": "–40%"
  },
  {
    "image_url": "https://cdn.barbora.lt/products/d9a21ccd-29d2-4937-9753-c42c8d1af2c2_m.png",
    "title": "Vaflių lakštai LARAGIS, 200 g",
    "price": "1.29",
    "price_2": null,
    "extra_info": "2 ar daugiau su –25%"
  },
  {
    "image_url": "https://cdn.barbora.lt/products/6f38cf8b-156e-4597-a590-7f79935cbd9b_m.png",
    "title": "Žaliasis kario troškinys su juodaisiais ryžiais ACTIVUS EKO, 283 g",
    "price": "1.97",
    "price_2": "6,96€/kg",
    "extra_info": "–40%"
  },
  {
    "image_url": "https://cdn.barbora.lt/products/9de846bf-b734-41b7-93f5-27a99d5956d5_m.png",
    "title": "Atšild. balt. blyšk. krevetės (Litopenaeus vanname), virtos, 1 kg",
    "price": "8.99",
    "price_2": "8,99€/kg",
    "extra_info": "–36%"
  },
  {
    "image_url": "https://cdn.barbora.lt/products/9ab171b4-d063-4af1-8e37-0346775b6556_m.png",
    "title": "Traškučiai TALER OVEN BAKED su sūriu, 135 g",
    "price": "1.69",
    "price_2": null,
    "extra_info": "2 ar daugiau su –25%"
  },
  {
    "image_url": "https://cdn.barbora.lt/products/98b437e7-1354-4a28-8af0-4b5b1875a41c_m.png",
    "title": "Fachitų prieskonių mišinys SANTA MARIA TEX MEX, 28 g",
    "price": "1.29",
    "price_2": null,
    "extra_info": "2 ar daugiau su –50%"
  },
  {
    "image_url": "https://cdn.barbora.lt/products/60ab74d3-f4f6-4fa5-8421-684699354f9c_m.png",
    "title": "Ekologiškas kefyras DOBILAS, 2,5 % rieb., 900 g",
    "price": "1.39",
    "price_2": "1,54€/kg",
    "extra_info": "–30%"
  },
  {
    "image_url": "https://cdn.barbora.lt/products/e94f5a80-a0fd-49ef-b0e7-1f0eef741ed0_m.png",
    "title": "Sausainiai LOVITA ROSHEN su pieninio kremo įdaru, 127 g",
    "price": "1.29",
    "price_2": null,
    "extra_info": "2 ar daugiau su –25%"
  },
  {
    "image_url": "https://cdn.barbora.lt/products/3acbeda5-f88f-49f9-9d6f-b1ab2f5a6125_m.png",
    "title": "Karštai rūkyta GIMINIŲ šoninė griežinėliais, I r., 120 g",
    "price": "2.99",
    "price_2": null,
    "extra_info": "2 ar daugiau su –20%"
  },
  {
    "image_url": "https://cdn.barbora.lt/products/99a1bd35-1067-4abf-a7cd-1afb31de601c_m.png",
    "title": "Sausainiai LOVITA ROSHEN BROWNIE, kokosų skonio, 152 g",
    "price": "1.49",
    "price_2": null,
    "extra_info": "2 ar daugiau su –25%"
  },
  {
    "image_url": "https://cdn.barbora.lt/products/ec7b66f3-1c40-4cda-928a-dc054246df15_m.png",
    "title": "Mėtų arbata POSTI, 40 g",
    "price": "1.59",
    "price_2": null,
    "extra_info": "2 ar daugiau su –25%"
  },
  {
    "image_url": "https://cdn.barbora.lt/products/de4d6eb7-c140-434e-9672-60a8b303c1be_m.png",
    "title": "Karštai rūkyti viščiukų broilerių skrandukai, nerūš., 250 g",
    "price": "2.39",
    "price_2": "9,56€/kg",
    "extra_info": "–32%"
  },
  {
    "image_url": "https://cdn.barbora.lt/products/7778ed11-1dc5-48e8-be03-f60373d29947_m.png",
    "title": "Juodoji arbata ETNO ENGLISH BREAKFAST, 40 g",
    "price": "2.09",
    "price_2": null,
    "extra_info": "2 ar daugiau su –25%"
  },
  {
    "image_url": "https://cdn.barbora.lt/products/2caa85d5-2f9b-40cb-b576-ea6818e30ffd_m.png",
    "title": "Šaldyti kroketai WERNSING, 600 g",
    "price": "2.59",
    "price_2": "4,31€/kg",
    "extra_info": "–21%"
  },
  {
    "image_url": "https://cdn.barbora.lt/products/e1a867b4-a90b-4aa8-a6ec-5d4401ff8854_m.png",
    "title": "Makaronai LA MOLISANA be glitimo (sraigteliai), 400 g",
    "price": "2.03",
    "price_2": "5,08€/kg",
    "extra_info": "–40%"
  },
  {
    "image_url": "https://cdn.barbora.lt/products/edf1d6af-c4c2-455e-8790-dabde64ddc76_m.png",
    "title": "Griežinėliais pjaustyti marinuoti agurkėliai WELL DONE, 695 g",
    "price": "1.75",
    "price_2": "2,52€/kg",
    "extra_info": "–20%"
  },
  {
    "image_url": "https://cdn.barbora.lt/products/20141ef5-dace-4336-b5ec-132ffd680d62_m.png",
    "title": "Grikių patiekalas su pievagrybiais ir morkomis ACTIVUS EKO, 250 g",
    "price": "1.97",
    "price_2": "7,88€/kg",
    "extra_info": "–40%"
  },
  {
    "image_url": "https://cdn.barbora.lt/products/049ca5b0-2d7b-4b9f-a35b-6aee9dc34624_m.png",
    "title": "Vaflinis batonėlis KNOPPERS, 25 g",
    "price": "0.59",
    "price_2": null,
    "extra_info": "2 ar daugiau su –25%"
  },
  {
    "image_url": "https://cdn.barbora.lt/products/a7f84949-49a3-4d0d-8d74-54c0a6951d77_m.png",
    "title": "Sviesto skonio bulvių košė MAGGI su krapais, 35 g",
    "price": "0.47",
    "price_2": "13,43€/kg",
    "extra_info": "–41%"
  },
  {
    "image_url": "https://cdn.barbora.lt/products/7fcbdbf6-1da3-4902-97c8-f9c6eefbf82f_m.png",
    "title": "Vaisinė arbata ŽOLYNĖLIS su citrinomis ir imbiero šaknimi, 40 g",
    "price": "2.49",
    "price_2": null,
    "extra_info": "2 ar daugiau su –25%"
  },
  {
    "image_url": "https://cdn.barbora.lt/products/5f9415e0-0db0-4595-9814-86c4f1bef587_m.png",
    "title": "Picų prieskoniai SANTA MARIA, 5 g",
    "price": "0.99",
    "price_2": null,
    "extra_info": "2 ar daugiau su –50%"
  },
  {
    "image_url": "https://cdn.barbora.lt/products/7df0650d-9cce-4f58-99b7-f2d749b5fac7_m.png",
    "title": "S. JASINEVIČIAUS varškės sūris su žolelėmis, česnakais, 15 %, 1 kg",
    "price": "11.99",
    "price_2": "11,99€/kg",
    "extra_info": "–10%"
  },
  {
    "image_url": "https://cdn.barbora.lt/products/233fcb8e-7a83-4439-af0b-5be05b4b04a8_m.png",
    "title": "Žaliųjų lęšių troškinys ACTIVUS EKO, 283 g",
    "price": "1.97",
    "price_2": "6,96€/kg",
    "extra_info": "–40%"
  },
  {
    "image_url": "https://cdn.barbora.lt/products/953d97e9-1e02-4d1a-9bda-1adda2f80645_m.png",
    "title": "Takų su vištiena prieskonių mišinys SANTA MARIA CHICKEN TACO, 28 g",
    "price": "1.59",
    "price_2": null,
    "extra_info": "2 ar daugiau su –50%"
  },
  {
    "image_url": "https://cdn.barbora.lt/products/83daf3de-6139-48f4-9dab-4aedb18cb7dc_m.png",
    "title": "Bambukiniai dantų krapštukai, 300 vnt., 300 vnt.",
    "price": "0.75",
    "price_2": null,
    "extra_info": "2 ar daugiau su –40%"
  },
  {
    "image_url": "https://cdn.barbora.lt/products/39f33034-17d0-411d-9575-876c8b9d4e95_m.png",
    "title": "Sausainiai HAMLET BREZELS, 300 g",
    "price": "2.19",
    "price_2": null,
    "extra_info": "2 ar daugiau su –25%"
  },
  {
    "image_url": "https://cdn.barbora.lt/products/9762ad41-b03b-4ffe-ac1f-8faed88196a7_m.png",
    "title": "Žolelių arbata ŽOLYNĖLIS SPALVOTAS SAPNAS, 30 g",
    "price": "1.99",
    "price_2": null,
    "extra_info": "2 ar daugiau su –25%"
  },
  {
    "image_url": "https://cdn.barbora.lt/products/adc8b18d-77f5-4342-822a-a896a5e0d06d_m.png",
    "title": "Skutimosi želė NIVEA MEN SENSITIVE jautriai odai, 200 ml",
    "price": "3.29",
    "price_2": "16,45€/l",
    "extra_info": "–51%"
  },
  {
    "image_url": "https://cdn.barbora.lt/products/5a834569-3b6f-4ce8-965b-a28bff71204e_m.png",
    "title": "Žirnių sriuba su skrebučiais MAGGI 5 MINUTES, 22 g",
    "price": "0.35",
    "price_2": "15,91€/kg",
    "extra_info": "–41%"
  },
  {
    "image_url": "https://cdn.barbora.lt/products/f8e65b2e-3181-4742-a330-fd253fd1b66e_m.png",
    "title": "Vytinto kumpio ir SALCHICHON, CHORIZO dešrų rinkinys, nerūš., 120 g",
    "price": "2.99",
    "price_2": null,
    "extra_info": "2 ar daugiau su –20%"
  },
  {
    "image_url": "https://cdn.barbora.lt/products/2c7d4d8f-ce36-457c-8ce0-eabdae63dab7_m.png",
    "title": "Bulvių košė MAGGI su grietinėle, 35 g",
    "price": "0.47",
    "price_2": "13,43€/kg",
    "extra_info": "–41%"
  },
  {
    "image_url": "https://cdn.barbora.lt/products/2987b928-4b90-44d0-abcc-9128fd2a2750_m.png",
    "title": "Džiovinti mėlynių kubeliai be pridėtinio cukraus FRUNICA, 200 g",
    "price": "2.59",
    "price_2": "12,95€/kg",
    "extra_info": "–41%"
  },
  {
    "image_url": "https://cdn.barbora.lt/products/0c98df24-08ee-4ed8-8404-b01663a551ac_m.png",
    "title": "Malti juodieji pipirai SANTA MARIA, 16 g",
    "price": "1.49",
    "price_2": null,
    "extra_info": "2 ar daugiau su –50%"
  },
  {
    "image_url": "https://cdn.barbora.lt/products/9363a902-c10b-41cd-a002-9a97538b9dbb_m.png",
    "title": "Rozmarinai SANTA MARIA, 15 g",
    "price": "0.99",
    "price_2": null,
    "extra_info": "2 ar daugiau su –50%"
  },
  {
    "image_url": "https://cdn.barbora.lt/products/ea516fb5-ecb0-4d1a-a86a-46905823848e_m.png",
    "title": "ŽOLYNĖLIO vaisinė arbata VASAROS SKONIS su miško uogomis, 20 vnt.",
    "price": "2.49",
    "price_2": null,
    "extra_info": "2 ar daugiau su –25%"
  },
  {
    "image_url": "https://cdn.barbora.lt/products/d02430a3-1a11-4186-a856-e409c7037296_m.png",
    "title": "Ekologiška natūrali grietinė DOBILAS, 30 % rieb., 330 g",
    "price": "2.19",
    "price_2": "6,64€/kg",
    "extra_info": "–31%"
  },
  {
    "image_url": "https://cdn.barbora.lt/products/6e5331ec-7156-4cbb-a6ec-2698370fc9c0_m.png",
    "title": "Skalbiamieji milteliai NEUTRAL COLOR (18 skalbimų), 1.19 kg",
    "price": "4.95",
    "price_2": "4,17€/kg",
    "extra_info": "–40%"
  },
  {
    "image_url": "https://cdn.barbora.lt/products/62a9f217-fd71-45ee-b093-3f375fec55fd_m.png",
    "title": "Augalinės kilmės kačių kraikas LOVETT, 3 kg",
    "price": "2.44",
    "price_2": "0,81€/kg",
    "extra_info": "–30%"
  },
  {
    "image_url": "https://cdn.barbora.lt/products/3962aaef-0f2f-4d41-8147-6f2706ea3dee_m.png",
    "title": "Avižiniai sausainiai JAVINĖ su šokoladu, 0.18 kg",
    "price": "1.45",
    "price_2": null,
    "extra_info": "2 ar daugiau su –25%"
  },
  {
    "image_url": "https://cdn.barbora.lt/products/7502d18d-444f-468c-b45f-e8d234235e37_m.png",
    "title": "Virta UTENOS DAKTARIŠKA dešra, a. r., 250 g",
    "price": "2.29",
    "price_2": null,
    "extra_info": "2 ar daugiau su –20%"
  },
  {
    "image_url": "https://cdn.barbora.lt/products/00cf26e9-cbb7-49fa-ae2b-abaa85e716b8_m.png",
    "title": "Virtas MAŽYLIŲ kepeninis paštetas su joduota druska, a. r., 150 g",
    "price": "0.99",
    "price_2": "6,6€/kg",
    "extra_info": "–41%"
  },
  {
    "image_url": "https://cdn.barbora.lt/products/088da93f-91d9-4a17-b6b9-87758e366d18_m.png",
    "title": "VILNIAUS DUONOS arbatiniai traškučiai IMK, 300 g",
    "price": "2.19",
    "price_2": null,
    "extra_info": "2 ar daugiau su –25%"
  },
  {
    "image_url": "https://cdn.barbora.lt/products/fb1dc03a-88af-4b62-9c65-4355a88b51e7_m.png",
    "title": "Sausainiai SELGA, karamelės skonio, 180 g",
    "price": "1.15",
    "price_2": null,
    "extra_info": "2 ar daugiau su –25%"
  },
  {
    "image_url": "https://cdn.barbora.lt/products/6fdcaa88-e7d5-4815-b6c2-6843c275e87f_m.png",
    "title": "Žolelių arbata ŽOLYNĖLIS su melisų lapais ir liepų žiedais, 20 vnt.",
    "price": "1.99",
    "price_2": null,
    "extra_info": "2 ar daugiau su –25%"
  },
  {
    "image_url": "https://cdn.barbora.lt/products/36343f5a-e8bd-468a-80cf-1cc1fdbcdfe9_m.png",
    "title": "Poliarinės duonelės STREET FOOD, 4 vnt., 180 g",
    "price": "1.69",
    "price_2": "9,39€/kg",
    "extra_info": "–19%"
  },
  {
    "image_url": "https://cdn.barbora.lt/products/beba07f2-e589-4bba-8368-365875db56cd_m.png",
    "title": "Atšaldytos snieginių krabų skonio lazdelės iš surimio, 200 g",
    "price": "1.79",
    "price_2": "8,95€/kg",
    "extra_info": "–31%"
  },
  {
    "image_url": "https://cdn.barbora.lt/products/55cc4fc0-4a33-44e2-885d-92f5c35198e4_m.png",
    "title": "Bulvių traškučiai TAFFEL SAN DIEGO, 130 g",
    "price": "1.04",
    "price_2": "8€/kg",
    "extra_info": "–50%"
  },
  {
    "image_url": "https://cdn.barbora.lt/products/4362bbda-5c72-41bd-b222-c9c94fbfe731_m.png",
    "title": "Vytinta pjaustyta SALCHICHON dešra WELL DONE, I r., 80 g",
    "price": "1.69",
    "price_2": null,
    "extra_info": "2 ar daugiau su –20%"
  },
  {
    "image_url": "https://cdn.barbora.lt/products/955d7fa7-ebab-43fa-b4de-5bb70c5aed8f_m.png",
    "title": "Vaisinė arbata ŽOLYNĖLIS su mėtomis ir citrusiniais vaisiais, 50 g",
    "price": "2.49",
    "price_2": null,
    "extra_info": "2 ar daugiau su –25%"
  },
  {
    "image_url": "https://cdn.barbora.lt/products/dacdc8c4-f27d-4b25-a345-425f3d3c247d_m.png",
    "title": "Avižinė BIRŽŲ duona be gliuteno, 210 g",
    "price": "2.39",
    "price_2": "11,38€/kg",
    "extra_info": "–20%"
  },
  {
    "image_url": "https://cdn.barbora.lt/products/53041c76-0639-4cd1-8349-f0a9b5075ac0_m.png",
    "title": "Kačių skanėstas DREAMIES su lašiša, 60 g",
    "price": "1.95",
    "price_2": null,
    "extra_info": "2 už 1 kainą"
  },
  {
    "image_url": "https://cdn.barbora.lt/products/ef03c7c6-bb30-4f7a-a472-79b03c8ad844_m.png",
    "title": "Vytinta KLEBONIŠKA kumpinė skilandinė dešra, a. r., 90 g",
    "price": "2.89",
    "price_2": null,
    "extra_info": "2 ar daugiau su –20%"
  },
  {
    "image_url": "https://cdn.barbora.lt/products/3d32e869-8257-48f3-9ead-cf0a6a82dce8_m.png",
    "title": "Traškūs javainiai FITNESS NESTLE su šokoladu, 300 g",
    "price": "2.27",
    "price_2": "7,56€/kg",
    "extra_info": "–40%"
  },
  {
    "image_url": "https://cdn.barbora.lt/products/3605916b-645a-4d79-b7af-7e8a8a537695_m.png",
    "title": "Atšild. ledjūr. menkės filė WELL DONE(lot.Pollachius virens), 250 g",
    "price": "4.79",
    "price_2": "19,16€/kg",
    "extra_info": "–20%"
  },
  {
    "image_url": "https://cdn.barbora.lt/products/2813e2da-3429-436a-8e74-18f59a41daab_m.png",
    "title": "Sausainiai GAIDELIS SPANGUOLĖ, 160 g",
    "price": "0.85",
    "price_2": null,
    "extra_info": "2 ar daugiau su –25%"
  },
  {
    "image_url": "https://cdn.barbora.lt/products/8f0a84a1-ef2b-4476-b24d-d4676882f242_m.png",
    "title": "Ramunėlių arbata GAMTOS GURKŠNIS, 20 vnt.",
    "price": "1.29",
    "price_2": null,
    "extra_info": "2 ar daugiau su –25%"
  },
  {
    "image_url": "https://cdn.barbora.lt/products/2b179cf7-5880-4e25-be65-c9bee3b602ce_m.png",
    "title": "BIRŽŲ DUONOS sausainiai su obuolių džemu, 400 g",
    "price": "3.99",
    "price_2": null,
    "extra_info": "2 ar daugiau su –25%"
  },
  {
    "image_url": "https://cdn.barbora.lt/products/d57573ed-24fa-4c3c-b112-6d4dfe783dea_m.png",
    "title": "Karis SANTA MARIA, 25 g",
    "price": "0.99",
    "price_2": null,
    "extra_info": "2 ar daugiau su –50%"
  },
  {
    "image_url": "https://cdn.barbora.lt/products/b9667c0e-4a97-478b-8561-f14c6cde4161_m.png",
    "title": "Meduoliai MIO&RIO, 200 g",
    "price": "0.59",
    "price_2": null,
    "extra_info": "2 ar daugiau su –25%"
  },
  {
    "image_url": "https://cdn.barbora.lt/products/72700e56-816b-4d6d-bc1b-8bd77c2e3115_m.png",
    "title": "Žalioji arbata LIPTON GREEN CLASSIC, 26 g",
    "price": "1.79",
    "price_2": "68,85€/kg",
    "extra_info": "–40%"
  },
  {
    "image_url": "https://cdn.barbora.lt/products/67a6d217-c192-4502-a23b-8533f8cfd93a_m.png",
    "title": "Kačių skanėstas DREAMIES su vištiena ir antiena, 60 g, 60 g",
    "price": "1.95",
    "price_2": null,
    "extra_info": "2 už 1 kainą"
  },
  {
    "image_url": "https://cdn.barbora.lt/products/e1e0d79e-603e-4330-834e-751340407422_m.png",
    "title": "Sausainiai LOVITA ROSHEN BROWNIE, citrinų skonio, 152 g",
    "price": "1.49",
    "price_2": null,
    "extra_info": "2 ar daugiau su –25%"
  },
  {
    "image_url": "https://cdn.barbora.lt/products/8f449581-77df-40ed-9bd6-938a9909d3e3_m.png",
    "title": "Laurų lapai KOTANYI, 4 g",
    "price": "0.83",
    "price_2": "207,5€/kg",
    "extra_info": "–30%"
  },
  {
    "image_url": "https://cdn.barbora.lt/products/3c0dfff2-8bd1-4748-a4a9-349ceb6d7241_m.png",
    "title": "Žalioji arbata LOYD, citrinų ir citrinžolių skonio, 30 g",
    "price": "2.99",
    "price_2": null,
    "extra_info": "2 ar daugiau su –25%"
  },
  {
    "image_url": "https://cdn.barbora.lt/products/279dbcef-bc31-47b8-baf1-bd2578504f4d_m.png",
    "title": "Sausainiai BELVITA FOREST FRUITS su miško uogomis, 300 g",
    "price": "3.79",
    "price_2": null,
    "extra_info": "2 ar daugiau su –25%"
  },
  {
    "image_url": "https://cdn.barbora.lt/products/8f6a7095-c8b4-4333-ba6f-98b17f1f266b_m.png",
    "title": "NIVEA MEN ACTIVE  lūpų balzamas, 4,8 g",
    "price": "1.49",
    "price_2": "310,42€/kg",
    "extra_info": "–52%"
  },
  {
    "image_url": "https://cdn.barbora.lt/products/5c6384a7-046c-420d-8e18-bff9abf665de_m.png",
    "title": "Kvietiniai miltai LAMOLISANA, 1 kg",
    "price": "1.19",
    "price_2": "1,19€/kg",
    "extra_info": "–40%"
  },
  {
    "image_url": "https://cdn.barbora.lt/products/e8d4b1b3-b9ff-49fe-8674-8fea45a8a2bb_m.png",
    "title": "Bulvių prieskoniai SANTA MARIA, 350 g",
    "price": "4.99",
    "price_2": null,
    "extra_info": "2 ar daugiau su –50%"
  },
  {
    "image_url": "https://cdn.barbora.lt/products/c4281fd4-435b-4c86-88cc-acfd9dddf7ae_m.png",
    "title": "Avinžirnių makaronai SAM MILLS be glitimo 250g, 250 g",
    "price": "2.19",
    "price_2": "8,76€/kg",
    "extra_info": "–37%"
  },
  {
    "image_url": "https://cdn.barbora.lt/products/18f6fe9a-ffbc-47ce-aa10-1ad759eb78f4_m.png",
    "title": "Makaronai CANELLONI LAMOLISANA, 250 g",
    "price": "1.07",
    "price_2": "4,28€/kg",
    "extra_info": "–40%"
  },
  {
    "image_url": "https://cdn.barbora.lt/products/3628aa86-d134-4cd9-a13e-d023429e5a39_m.png",
    "title": "DZŪKIJOS MALŪNO sausainiai su sėklomis, 200 g",
    "price": "2.49",
    "price_2": null,
    "extra_info": "2 ar daugiau su –25%"
  },
  {
    "image_url": "https://cdn.barbora.lt/products/430cf45f-7198-4611-8634-9bbcea6b295c_m.png",
    "title": "Krekeriai TUC MINI, sūrio skonio, 100 g",
    "price": "0.99",
    "price_2": "9,9€/kg",
    "extra_info": "–41%"
  },
  {
    "image_url": "https://cdn.barbora.lt/products/17b1691c-2074-40a9-86f1-b220c3137438_m.png",
    "title": "Vaflinis batonėlis KIT KAT, 41.5 g",
    "price": "1.19",
    "price_2": null,
    "extra_info": "2 ar daugiau su –25%"
  },
  {
    "image_url": "https://cdn.barbora.lt/products/a1f34cfa-08bc-4f72-bfe8-957206a9375e_m.png",
    "title": "Kukurūzų užkandis CHEETOS, sūrio ir kečupo skonio, 165 g",
    "price": "1.29",
    "price_2": "7,82€/kg",
    "extra_info": "–50%"
  },
  {
    "image_url": "https://cdn.barbora.lt/products/4d77254d-595e-4934-8b9d-dcd8357d454d_m.png",
    "title": "Avižiniai sausainiai su šokoladu KAKĖ MAKĖ, 180 g",
    "price": "1.69",
    "price_2": null,
    "extra_info": "2 ar daugiau su –25%"
  },
  {
    "image_url": "https://cdn.barbora.lt/products/1b03e5d9-9cd5-4106-8915-b2b078dbff07_m.png",
    "title": "Karštai rūkytas BAJORŲ kumpis (vakuumuotas, I r.), 1 kg",
    "price": "9.59",
    "price_2": "9,59€/kg",
    "extra_info": "–40%"
  },
  {
    "image_url": "https://cdn.barbora.lt/products/49aff867-954e-49f7-8f1d-2d849cd476b6_m.png",
    "title": "Vafliniai šiaudeliai MIO&RIO su vanilės skonio įdaru, 280 g",
    "price": "1.49",
    "price_2": null,
    "extra_info": "2 ar daugiau su –25%"
  },
  {
    "image_url": "https://cdn.barbora.lt/products/6a70846b-0118-4e28-a979-a3e951d1cb66_m.png",
    "title": "Sojų gėrimas ALPRO PLANT PROTEIN, šokolado skonio, 1 l",
    "price": "2.58",
    "price_2": "2,58€/l",
    "extra_info": "–30%"
  },
  {
    "image_url": "https://cdn.barbora.lt/products/f3476f5f-446b-4ba0-b372-460a65f6fbbe_m.png",
    "title": "Virtas pjaustytas kiaul. kumpis PROSCIUTTO COTTO, nerūšinis, 100 g",
    "price": "2.49",
    "price_2": null,
    "extra_info": "2 ar daugiau su –20%"
  },
  {
    "image_url": "https://cdn.barbora.lt/products/af5a29a6-5ab3-4370-ab67-812b2776971d_m.png",
    "title": "Saliamio griežinėliai su česnakais WELL DONE, 50 g",
    "price": "0.95",
    "price_2": null,
    "extra_info": "2 ar daugiau su –20%"
  },
  {
    "image_url": "https://cdn.barbora.lt/products/0905b300-7a99-4c90-a190-ba96ad471c01_m.png",
    "title": "Sausainiai JAFFA su vyšnių skonio žele MIO&RIO, 135 g",
    "price": "0.75",
    "price_2": null,
    "extra_info": "2 ar daugiau su –25%"
  },
  {
    "image_url": "https://cdn.barbora.lt/products/c34fe3c2-dab3-46a9-8238-e0daf7867177_m.png",
    "title": "Skalbiamieji milteliai PERSIL COLOR, 40 skalb., 2.2 kg",
    "price": "9.59",
    "price_2": "4,36€/kg",
    "extra_info": "–40%"
  },
  {
    "image_url": "https://cdn.barbora.lt/products/30e6f81d-447f-4328-a17e-94ef2e398b8a_m.png",
    "title": "Pjaustytas kiaulienos saliamis PORMET, nerūš., 100 g",
    "price": "1.09",
    "price_2": null,
    "extra_info": "2 ar daugiau su –20%"
  },
  {
    "image_url": "https://cdn.barbora.lt/products/a70c702f-a2ec-4df0-bbc3-bc37c002f27c_m.png",
    "title": "Kinrožių ir juodųjų serbentų arbata ŽOLYNĖLIS, 50 g",
    "price": "2.49",
    "price_2": null,
    "extra_info": "2 ar daugiau su –25%"
  },
  {
    "image_url": "https://cdn.barbora.lt/products/c7c47224-8edf-4281-94fd-ce2cb5c8be18_m.png",
    "title": "Raudonojo kario prieskonių mišinys SANTA MARIA, 32 g",
    "price": "1.65",
    "price_2": null,
    "extra_info": "2 ar daugiau su –50%"
  },
  {
    "image_url": "https://cdn.barbora.lt/products/6dd4a7c5-c255-4012-96fa-6b15e3d32992_m.png",
    "title": "Vištienos prieskoniai SANTA MARIA, 90 g",
    "price": "2.15",
    "price_2": null,
    "extra_info": "2 ar daugiau su –50%"
  },
  {
    "image_url": "https://cdn.barbora.lt/products/ca62d055-d964-45a6-8f85-0b0b993b4893_m.png",
    "title": "Viščiukų blauzdelės FIESTA su česnakiniu marinatu ir kmynais, 850 g",
    "price": "3.49",
    "price_2": "4,1€/kg",
    "extra_info": "–22%"
  },
  {
    "image_url": "https://cdn.barbora.lt/products/6c26ccb6-65e9-4872-8fc4-c38d2d153e0c_m.png",
    "title": "BIRŽŲ DUONOS sausainiai SAULĖGRĄŽA, 250 g",
    "price": "2.15",
    "price_2": null,
    "extra_info": "2 ar daugiau su –25%"
  },
  {
    "image_url": "https://cdn.barbora.lt/products/573a6e45-49fd-45ea-8219-51cb324c2537_m.png",
    "title": "Vafliniai šiaudeliai su šokolado skonio įdaru MIO&RIO, 280 g",
    "price": "1.49",
    "price_2": null,
    "extra_info": "2 ar daugiau su –25%"
  },
  {
    "image_url": "https://cdn.barbora.lt/products/5b3f11a1-2864-48d4-861e-bfed7104c12e_m.png",
    "title": "Dantų pasta COLGATE TRIPLE ACTION, 125 ml",
    "price": "3.29",
    "price_2": null,
    "extra_info": "2 ar daugiau su –40%"
  },
  {
    "image_url": "https://cdn.barbora.lt/products/47b4a8ed-2164-4dfa-ae4c-3eabe3f0f499_m.png",
    "title": "Virtas BAJORŲ kiaulienos kepenų slėgtainis, a. r., 450 g",
    "price": "2.99",
    "price_2": "6,65€/kg",
    "extra_info": "–40%"
  },
  {
    "image_url": "https://cdn.barbora.lt/products/912b6f46-7fbb-4d42-8181-02c0c8169492_m.png",
    "title": "Juodoji Ceilono arbata IMPRA ROYAL ELIXIR KNIGHT, 100 g",
    "price": "3.09",
    "price_2": null,
    "extra_info": "2 ar daugiau su –25%"
  },
  {
    "image_url": "https://cdn.barbora.lt/products/3bc7e45d-71d6-4456-8eb4-e6de2941fa89_m.png",
    "title": "Vaikiška dantų pasta ELMEX, 50 ml",
    "price": "4.59",
    "price_2": null,
    "extra_info": "2 ar daugiau su –40%"
  },
  {
    "image_url": "https://cdn.barbora.lt/products/2e341af7-9e86-444d-8e80-5e8c577fbe28_m.png",
    "title": "Šaldyti koldūnai LIŪTUKAS su vištiena ir čederiu, 400 g",
    "price": "1.99",
    "price_2": "4,98€/kg",
    "extra_info": "–50%"
  },
  {
    "image_url": "https://cdn.barbora.lt/products/b2d05aa8-0f8f-4c43-aec3-d7b2f125e19e_m.png",
    "title": "Druska SANTA MARIA, 92 g",
    "price": "1.59",
    "price_2": null,
    "extra_info": "2 ar daugiau su –50%"
  },
  {
    "image_url": "https://cdn.barbora.lt/products/b1691634-f606-4ce9-8856-b8f09603ab7c_m.png",
    "title": "Vafliniai batonėliai KINDER BUENO WHITE, 3 vnt., 117 g",
    "price": "3.69",
    "price_2": null,
    "extra_info": "2 ar daugiau su –25%"
  },
  {
    "image_url": "https://cdn.barbora.lt/products/f15cd70f-dd72-4c97-bad8-118249293731_m.png",
    "title": "Atitirpintos TOSTE OAT POWER porcinės duonelės, 240 g",
    "price": "1.19",
    "price_2": "4,96€/kg",
    "extra_info": "–20%"
  },
  {
    "image_url": "https://cdn.barbora.lt/products/2b05b9f8-4621-4642-bf32-3eedc5a3d576_m.png",
    "title": "Grūdų žiedeliai su medumi NESTLE HONEY CHEERIOS, 375 g",
    "price": "2.39",
    "price_2": "6,37€/kg",
    "extra_info": "–40%"
  },
  {
    "image_url": "https://cdn.barbora.lt/products/db5239b0-abba-47fe-b4db-9cb3286bb697_m.png",
    "title": "Ramenų makaronai SANTA MARIA, 200 g",
    "price": "3.19",
    "price_2": null,
    "extra_info": "2 ar daugiau su –50%"
  },
  {
    "image_url": "https://cdn.barbora.lt/products/83c68296-3816-4b32-9f1d-3a56d91f7c86_m.png",
    "title": "Persiladas SANTA MARIA, 48 g",
    "price": "1.49",
    "price_2": null,
    "extra_info": "2 ar daugiau su –50%"
  },
  {
    "image_url": "https://cdn.barbora.lt/products/6528e038-8aa8-4a2e-adf5-a50bbfaa734f_m.png",
    "title": "Baltyminis batonėlis OREO GRENADE, 60 g",
    "price": "2.19",
    "price_2": "36,5€/kg",
    "extra_info": "–41%"
  },
  {
    "image_url": "https://cdn.barbora.lt/products/fdf73125-7ab3-4b7a-a889-f444c6692689_m.png",
    "title": "Labai rūgštūs guminukai ZOZOLE RAINBOW, vaisių skonio, 75 g",
    "price": "0.79",
    "price_2": null,
    "extra_info": "2 už 1,09€"
  },
  {
    "image_url": "https://cdn.barbora.lt/products/bec52971-8703-4027-a49e-7964dd59f244_m.png",
    "title": "Vaikiškas dantų šepetėlis JORDAN, minkštas, 3-5 m., 1 vnt.",
    "price": "2.89",
    "price_2": null,
    "extra_info": "2 ar daugiau su –40%"
  },
  {
    "image_url": "https://cdn.barbora.lt/products/d2271d65-1c29-425f-a50b-1057c1ad677b_m.png",
    "title": "Kūdikių šampūnas-prausiklis BALANCE 2in1, 240 ml",
    "price": "2.99",
    "price_2": null,
    "extra_info": "2 ar daugiau su –40%"
  },
  {
    "image_url": "https://cdn.barbora.lt/products/6f1a440b-b926-4aa3-b1fd-fc32c3383bbd_m.png",
    "title": "Karštai rūkyta PANEVĖŽIO filė dujose, I r., 120 g",
    "price": "1.49",
    "price_2": "12,42€/kg",
    "extra_info": "–40%"
  },
  {
    "image_url": "https://cdn.barbora.lt/products/cda53742-c069-4122-9a45-05fc445a884b_m.png",
    "title": "Vytintas pjaustytas BERETTA aštraus skonio saliamis PEPPERONI, nerūš., 80 g",
    "price": "2.79",
    "price_2": null,
    "extra_info": "2 ar daugiau su –20%"
  },
  {
    "image_url": "https://cdn.barbora.lt/products/09d919ed-e439-4f3c-a60d-ba05db2aa6fc_m.png",
    "title": "Vytintas JUBILIEJAUS kumpis, a. r., 70 g",
    "price": "2.99",
    "price_2": null,
    "extra_info": "2 ar daugiau su –20%"
  },
  {
    "image_url": "https://cdn.barbora.lt/products/21aec857-247a-4f74-8fda-7bd8c6ad93cc_m.png",
    "title": "VILNIAUS DUONOS arbatiniai traškučiai IMK, 250 g",
    "price": "1.99",
    "price_2": null,
    "extra_info": "2 ar daugiau su –25%"
  },
  {
    "image_url": "https://cdn.barbora.lt/products/b389b1cd-3833-4fc1-8e84-75101fded59e_m.png",
    "title": "Vaikiška dantų pasta ELMEX Junior, 75 ml",
    "price": "6.29",
    "price_2": null,
    "extra_info": "2 ar daugiau su –40%"
  },
  {
    "image_url": "https://cdn.barbora.lt/products/e242ca8c-374f-45f5-814c-9ce4b25821fe_m.png",
    "title": "Sausi pusryčiai NESTLE CORN FLAKES su medumi ir riešutais, 350 g",
    "price": "2.27",
    "price_2": "6,49€/kg",
    "extra_info": "–40%"
  },
  {
    "image_url": "https://cdn.barbora.lt/products/cea957ed-0d9f-4690-b08c-156cab237527_m.png",
    "title": "Tirpioji barščių sriuba MAGGI 5 MINUTES su skrebučiais, 16 g",
    "price": "0.35",
    "price_2": "21,88€/kg",
    "extra_info": "–41%"
  },
  {
    "image_url": "https://cdn.barbora.lt/products/8f0bcb68-3ad4-43f5-bd54-264d70d6bfc3_m.png",
    "title": "Ekologiškas daržovių sultinys NATUR COMPAGNIE (8 kub.), 84 g",
    "price": "1.99",
    "price_2": "23,69€/kg",
    "extra_info": "–33%"
  },
  {
    "image_url": "https://cdn.barbora.lt/products/1f317cdb-7fa0-44e9-80ac-acca43feeb89_m.png",
    "title": "Pieninio šokolado saldainiai MALTESERS su traškiu įdaru, 68 g",
    "price": "1.31",
    "price_2": "19,27€/kg",
    "extra_info": "–40%"
  },
  {
    "image_url": "https://cdn.barbora.lt/products/b78965b6-19f1-4bbc-a01a-e9587bcce26c_m.png",
    "title": "Karštai rūkytos viščiukų broilerių uodegėlės, nerūšinės, 250 g",
    "price": "0.75",
    "price_2": "3€/kg",
    "extra_info": "–31%"
  },
  {
    "image_url": "https://cdn.barbora.lt/products/f36aafc6-4aa1-4357-89c3-f8b4c0dec291_m.png",
    "title": "Šaltai rūkytas BAJORŲ kiaulienos kumpis, kaimiško sk., I r., 1 kg",
    "price": "6.59",
    "price_2": "6,59€/kg",
    "extra_info": "–40%"
  },
  {
    "image_url": "https://cdn.barbora.lt/products/2a2cf2b6-f01d-4cce-b537-640848ea5354_m.png",
    "title": "Riestainiai JAVINĖ su aguonomis, 300 g",
    "price": "2.05",
    "price_2": null,
    "extra_info": "2 ar daugiau su –25%"
  },
  {
    "image_url": "https://cdn.barbora.lt/products/65c72f8a-2af9-4efa-9329-062f7022a537_m.png",
    "title": "Ruošinys MAGGI IDEA bulvių apkepui su malta mėsa kepti, 42 g",
    "price": "0.59",
    "price_2": "14,05€/kg",
    "extra_info": "–40%"
  },
  {
    "image_url": "https://cdn.barbora.lt/products/7f410def-34b4-44e5-972f-a8310cf5bec5_m.png",
    "title": "Petražolės SANTA MARIA, 4 g",
    "price": "0.99",
    "price_2": null,
    "extra_info": "2 ar daugiau su –50%"
  },
  {
    "image_url": "https://cdn.barbora.lt/products/5543a5d6-a155-45bb-99ea-9bcfb712adc3_m.png",
    "title": "Kalkių valiklis L'ARBRE VERT, 740 ml",
    "price": "2.89",
    "price_2": "3,9€/l",
    "extra_info": "–40%"
  },
  {
    "image_url": "https://cdn.barbora.lt/products/765d659f-e68c-4a3a-a0e0-2c72e9a46d34_m.png",
    "title": "Keptas ZANAVYKŲ varškės sūris su ciberžol., 22 % rieb., 230 g",
    "price": "2.99",
    "price_2": "13€/kg",
    "extra_info": "–33%"
  },
  {
    "image_url": "https://cdn.barbora.lt/products/c13653e7-5919-4762-85ed-0c7ee5fefbe3_m.png",
    "title": "Pyragėliai BARNI su braškių įdaru, 150 g",
    "price": "2.69",
    "price_2": null,
    "extra_info": "2 ar daugiau su –25%"
  },
  {
    "image_url": "https://cdn.barbora.lt/products/52ee477e-5750-4038-b3ef-b214743cc82e_m.png",
    "title": "LUKŠIŲ rūkytas varškės sūris su kmynais, 22 % rieb. s. m., 230 g",
    "price": "2.99",
    "price_2": "13€/kg",
    "extra_info": "–33%"
  },
  {
    "image_url": "https://cdn.barbora.lt/products/f56e0e42-96c8-4828-b390-e515fb2b3cda_m.png",
    "title": "Meduoliai JDC RIEŠUTINIS LIEŽUVĖLIS, 250 g",
    "price": "1.59",
    "price_2": null,
    "extra_info": "2 ar daugiau su –25%"
  },
  {
    "image_url": "https://cdn.barbora.lt/products/2d51213f-96f6-4ddb-80a9-3d92d0e21ef6_m.png",
    "title": "Javų dribsniai NESTLE LION, 400 g",
    "price": "2.39",
    "price_2": "5,98€/kg",
    "extra_info": "–40%"
  },
  {
    "image_url": "https://cdn.barbora.lt/products/3a0498d2-034d-489a-a7ff-a64f18c1e45f_m.png",
    "title": "Tartaletės BONNE MAMAN su šokolado ir karamelės įdaru, 135 g",
    "price": "3.65",
    "price_2": null,
    "extra_info": "2 ar daugiau su –25%"
  },
  {
    "image_url": "https://cdn.barbora.lt/products/83e1905b-faa8-4792-811e-022eaf7aa06f_m.png",
    "title": "Atšildytos nevirtos baltakojų krevečių uodegėlės WELL DONE, 300 g",
    "price": "5.99",
    "price_2": "19,96€/kg",
    "extra_info": "–25%"
  },
  {
    "image_url": "https://cdn.barbora.lt/products/b28fa60f-c96d-4681-8e0e-2a05988051f5_m.png",
    "title": "Sausainiai MULINO BIANCO GIROTONDI, 350 g",
    "price": "2.99",
    "price_2": null,
    "extra_info": "2 ar daugiau su –25%"
  },
  {
    "image_url": "https://cdn.barbora.lt/products/ebdcc9e1-8a5c-4c04-9d57-1b5fca80a0f4_m.png",
    "title": "Atitirpintos TOSTE GOLDEN BITE porcinės duonelės, 240 g",
    "price": "1.19",
    "price_2": "4,96€/kg",
    "extra_info": "–20%"
  },
  {
    "image_url": "https://cdn.barbora.lt/products/461d7cc5-462a-48b4-8972-0c1d95a33b15_m.png",
    "title": "Granola su šokoladu BONA VITA, 500 g",
    "price": "3.74",
    "price_2": "7,48€/kg",
    "extra_info": "–25%"
  },
  {
    "image_url": "https://cdn.barbora.lt/products/96d5b4b8-d9a4-4eb6-b1dd-eb0843fecb92_m.png",
    "title": "Malti imbierai SANTA MARIA, 20 g",
    "price": "0.99",
    "price_2": null,
    "extra_info": "2 ar daugiau su –50%"
  },
  {
    "image_url": "https://cdn.barbora.lt/products/51a2d473-71f6-41da-8fb3-87543272b85d_m.png",
    "title": "Geriamasis ekolog. natūralus jogurtas DOBILAS, 2,4 % rieb., 330 g",
    "price": "0.99",
    "price_2": "3€/kg",
    "extra_info": "–34%"
  },
  {
    "image_url": "https://cdn.barbora.lt/products/44796a88-01f8-42de-9d77-226b2f3bb002_m.png",
    "title": "Grikių kruopos EKOFRISA, 800 g",
    "price": "1.49",
    "price_2": "1,86€/kg",
    "extra_info": "–35%"
  },
  {
    "image_url": "https://cdn.barbora.lt/products/4e73ff5e-8671-4829-94b3-f4300d623fd7_m.png",
    "title": "Virtas BAJORŲ liežuvio vyniotinis, pirma rūšis, 1 kg",
    "price": "7.49",
    "price_2": "7,49€/kg",
    "extra_info": "–40%"
  },
  {
    "image_url": "https://cdn.barbora.lt/products/cc617f17-9b98-48da-84c1-70b3c6e617fb_m.png",
    "title": "Vaniliniai sausučiai KAKĖ MAKĖ, 150 g",
    "price": "1.59",
    "price_2": null,
    "extra_info": "2 ar daugiau su –25%"
  },
  {
    "image_url": "https://cdn.barbora.lt/products/8452afe7-d536-4ac0-bf13-50fee67e21c7_m.png",
    "title": "NIVEA Dušo želė vyrams SPORT, 500 ml",
    "price": "3.39",
    "price_2": "6,78€/l",
    "extra_info": "–51%"
  },
  {
    "image_url": "https://cdn.barbora.lt/products/85d4640d-0cb2-46b4-94e5-cd44cefa08f0_m.png",
    "title": "Dantų pasta SENSODYNE DEEP CLEAN, 75 ml",
    "price": "5.79",
    "price_2": null,
    "extra_info": "2 ar daugiau su –40%"
  },
  {
    "image_url": "https://cdn.barbora.lt/products/0f5aff9b-9ac7-40b1-b580-e32bc418e55d_m.png",
    "title": "ZIGMO užtepėlė su ikrais ir lašiša, 160 g",
    "price": "2.39",
    "price_2": "14,94€/kg",
    "extra_info": "–27%"
  },
  {
    "image_url": "https://cdn.barbora.lt/products/bbef0591-a8fc-4bfd-8baa-087d0b867962_m.png",
    "title": "Česnakinis majonezinis padažas WOWMAMA, 40 % rieb., 440 g",
    "price": "1.95",
    "price_2": "4,43€/kg",
    "extra_info": "–30%"
  },
  {
    "image_url": "https://cdn.barbora.lt/products/b95779af-60a8-4abd-bca4-ef7097001db1_m.png",
    "title": "Intymiosios higienos prausiklis NEUTRAL, 250 ml",
    "price": "2.39",
    "price_2": "9,56€/l",
    "extra_info": "–40%"
  },
  {
    "image_url": "https://cdn.barbora.lt/products/b2437d66-c8e4-44b5-b6d2-d7bac0b824e2_m.png",
    "title": "Garstyčių ir medaus padažas FELIX, 375 g",
    "price": "1.76",
    "price_2": "4,7€/kg",
    "extra_info": "–25%"
  },
  {
    "image_url": "https://cdn.barbora.lt/products/eba434d2-6885-4b57-9ee2-0ca4c84993b2_m.png",
    "title": "Riebalų valiklis KH-7, 750 ml",
    "price": "3.35",
    "price_2": "4,46€/l",
    "extra_info": "–40%"
  },
  {
    "image_url": "https://cdn.barbora.lt/products/68b358f5-560e-4909-ac73-51aebce4a00e_m.png",
    "title": "Vytinta SAMSONO SALIAMIO dešra, a. r., 200 g",
    "price": "5.49",
    "price_2": null,
    "extra_info": "2 ar daugiau su –20%"
  },
  {
    "image_url": "https://cdn.barbora.lt/products/fee48ae2-9dd2-434b-b58b-0bcda86210ed_m.png",
    "title": "Makaronai MAFALDA CORTA LAMOLISANA Nr. 77, 500 g",
    "price": "1.07",
    "price_2": "2,14€/kg",
    "extra_info": "–40%"
  },
  {
    "image_url": "https://cdn.barbora.lt/products/4312c92b-832a-4e16-84d5-fe4e7a61d7d2_m.png",
    "title": "Maltas cinamonas SANTA MARIA, 22 g",
    "price": "1.39",
    "price_2": null,
    "extra_info": "2 ar daugiau su –50%"
  },
  {
    "image_url": "https://cdn.barbora.lt/products/5022a5a0-d195-4a0c-ba34-942f101aea41_m.png",
    "title": "Spagečiai LA MOLISANA TRIGHETTO Nr. 333, 500 g",
    "price": "1.26",
    "price_2": "2,52€/kg",
    "extra_info": "–41%"
  },
  {
    "image_url": "https://cdn.barbora.lt/products/d17bee46-2d3b-416e-9c11-9828351b50c7_m.png",
    "title": "Kukurūzų makaronai SAM MILLS (sraigteliai) be glitimo, 500 g",
    "price": "1.29",
    "price_2": "2,58€/kg",
    "extra_info": "–32%"
  },
  {
    "image_url": "https://cdn.barbora.lt/products/784ef98b-f960-4c84-8b69-9fbf1bcdb803_m.png",
    "title": "Traškučiai OHO, sūrio ir svogūnų skonio, 60 g",
    "price": "0.65",
    "price_2": null,
    "extra_info": "2 už 0,99€"
  },
  {
    "image_url": "https://cdn.barbora.lt/products/3436a937-db87-4da5-89de-fc7f2bd3bbef_m.png",
    "title": "Baltyminis batonėlis GRENADE (sūdytų riešutų skonio), 60 g",
    "price": "2.19",
    "price_2": "36,5€/kg",
    "extra_info": "–41%"
  },
  {
    "image_url": "https://cdn.barbora.lt/products/e60d22e3-0468-4e59-9292-41542e697754_m.png",
    "title": "Sausainiai LOVITA ROSHEN su lazdynų riešutų skonio įdaru, 127 g",
    "price": "1.29",
    "price_2": null,
    "extra_info": "2 ar daugiau su –25%"
  },
  {
    "image_url": "https://cdn.barbora.lt/products/40437a1f-77f5-4bfd-9b57-dc4b4ff4a9b1_m.png",
    "title": "Vytintas itališkas kiaulienos kumpis COPPA, nerūš., 80 g",
    "price": "2.19",
    "price_2": "27,38€/kg",
    "extra_info": "–27%"
  },
  {
    "image_url": "https://cdn.barbora.lt/products/9be1437d-4119-45b4-987e-f3737817a787_m.png",
    "title": "Ličių skonio želė be pridėtinio cukraus, 95 g",
    "price": "1.11",
    "price_2": "11,68€/kg",
    "extra_info": "–26%"
  },
  {
    "image_url": "https://cdn.barbora.lt/products/921e4164-60f8-46b4-a5fc-d040bea60b23_m.png",
    "title": "Bulvyčių prieskoniai VEGETA, 20 g",
    "price": "0.69",
    "price_2": null,
    "extra_info": "2 ar daugiau su –40%"
  },
  {
    "image_url": "https://cdn.barbora.lt/products/7650a351-1450-4c78-80d0-cd1201760215_m.png",
    "title": "Majonezinis mėsainių padažas WOWMAMA, 35 % rieb., 420 g",
    "price": "1.95",
    "price_2": "4,64€/kg",
    "extra_info": "–30%"
  },
  {
    "image_url": "https://cdn.barbora.lt/products/7d9be433-27f9-4e97-b394-91d8f126cb17_m.png",
    "title": "Vanilinis pieno gėrimas MIAU, 2,3 % rieb., sterilizuotas, 450 ml",
    "price": "1.19",
    "price_2": "2,65€/l",
    "extra_info": "–32%"
  },
  {
    "image_url": "https://cdn.barbora.lt/products/4ce7d590-9b1d-4b51-b440-d82b436c4c43_m.png",
    "title": "ELSEVE  kondicionierius 400 ml",
    "price": "7.39",
    "price_2": null,
    "extra_info": "2 ar daugiau su –40%"
  },
  {
    "image_url": "https://cdn.barbora.lt/products/2819945f-1c59-4322-992c-b0465c22ad01_m.png",
    "title": "Ekologiškas vištienos sultinys NATUR COMPAGNIE (8 kub.), 88 g",
    "price": "2.49",
    "price_2": "28,29€/kg",
    "extra_info": "–33%"
  },
  {
    "image_url": "https://cdn.barbora.lt/products/23e06c9d-31ec-4425-b994-002eae0aad1e_m.png",
    "title": "Dribsniai NESTLE COOKIE CRISP, 625 g",
    "price": "3.59",
    "price_2": "5,74€/kg",
    "extra_info": "–40%"
  },
  {
    "image_url": "https://cdn.barbora.lt/products/3858ce58-2ebd-4ec3-bf91-b504f7bef907_m.png",
    "title": "Kokosų gėrimas su ryžiais ALPRO, 1 l",
    "price": "2.3",
    "price_2": "2,3€/l",
    "extra_info": "–30%"
  },
  {
    "image_url": "https://cdn.barbora.lt/products/f0139a5e-7771-4f97-b097-6d3883d7b010_m.png",
    "title": "Dušo gelis DOVE HYDRATE, 720 ml",
    "price": "4.99",
    "price_2": "6,93€/l",
    "extra_info": "–50%"
  },
  {
    "image_url": "https://cdn.barbora.lt/products/d8c636bb-aabf-4683-b0ec-a8d572ca72dc_m.png",
    "title": "NIVEA Dušo želė CREME SOFT, 250 ml",
    "price": "2.09",
    "price_2": "8,36€/l",
    "extra_info": "–50%"
  },
  {
    "image_url": "https://cdn.barbora.lt/products/db85f4ae-3dfc-4294-bed7-a82278805d2a_m.png",
    "title": "NIVEA BLACK&WHITE POWER rutulinis antiperspirantas vyrams, 50 ml",
    "price": "2.39",
    "price_2": "47,8€/l",
    "extra_info": "–50%"
  },
  {
    "image_url": "https://cdn.barbora.lt/products/0ed51248-8b45-4dc8-8bb3-4a21d7ffa76d_m.png",
    "title": "Vaisinė arbata ŽOLYNĖLIS su persikais ir citrinomis, 20 vnt.",
    "price": "2.49",
    "price_2": null,
    "extra_info": "2 ar daugiau su –25%"
  },
  {
    "image_url": "https://cdn.barbora.lt/products/543755dd-a642-4caf-909e-e8648dd04f57_m.png",
    "title": "Keptas naminis viščiukų kepenėlių kapotinis, 400 g",
    "price": "3.09",
    "price_2": "7,73€/kg",
    "extra_info": "–31%"
  },
  {
    "image_url": "https://cdn.barbora.lt/products/db870075-3a11-4c2d-9aed-2239fbd23a94_m.png",
    "title": "Sausainiai SKARELĖS su juodaisiais serbentais, 320 g",
    "price": "4.69",
    "price_2": null,
    "extra_info": "2 ar daugiau su –25%"
  },
  {
    "image_url": "https://cdn.barbora.lt/products/cc972251-876f-4fac-bc59-b5a54f8c0d4b_m.png",
    "title": "Traškučiai TALER su bananais, 135 g",
    "price": "1.79",
    "price_2": null,
    "extra_info": "2 ar daugiau su –25%"
  },
  {
    "image_url": "https://cdn.barbora.lt/products/84db3ab3-bc43-4024-acf2-94f306aea37c_m.png",
    "title": "Žemuogių kvapo dantų pasta vaikams ECODENTA, 75 ml",
    "price": "3.09",
    "price_2": null,
    "extra_info": "2 ar daugiau su –40%"
  },
  {
    "image_url": "https://cdn.barbora.lt/products/f9f25cb7-0a1b-4774-82ec-503fdf81ca63_m.png",
    "title": "Sausainiai PRIE KAVOS GARLIAVOS DUONA, 500 g",
    "price": "4.19",
    "price_2": null,
    "extra_info": "2 ar daugiau su –25%"
  },
  {
    "image_url": "https://cdn.barbora.lt/products/33372708-4d50-4961-8d3a-8a4be9bd6380_m.png",
    "title": "Sausainiai GAIDELIS KONDENSUOTAS su sutirštintu pienu, 160 g",
    "price": "0.85",
    "price_2": null,
    "extra_info": "2 ar daugiau su –25%"
  },
  {
    "image_url": "https://cdn.barbora.lt/products/095b2a1f-d886-4c52-aee2-3d22eb938879_m.png",
    "title": "Dantų pasta PARODONTAX CLASSIC, 75 ml",
    "price": "5.29",
    "price_2": null,
    "extra_info": "2 ar daugiau su –40%"
  },
  {
    "image_url": "https://cdn.barbora.lt/products/02fd7c88-6461-40d7-930d-29b8c5bc7afc_m.png",
    "title": "Traškučiai OHO!, meksikietiško skonio, 60 g",
    "price": "0.65",
    "price_2": null,
    "extra_info": "2 už 0,99€"
  },
  {
    "image_url": "https://cdn.barbora.lt/products/6db01e7a-b600-4f25-b411-2aca90725620_m.png",
    "title": "Ramunėlių arbata POSTI, 20 vnt.",
    "price": "1.59",
    "price_2": null,
    "extra_info": "2 ar daugiau su –25%"
  },
  {
    "image_url": "https://cdn.barbora.lt/products/8dc7e37c-a806-46b2-b752-cc53775ebc5d_m.png",
    "title": "Skystasis ypatingų audinių skalbiklis NEUTRAL (20 skalb.), 1 l",
    "price": "4.79",
    "price_2": "4,79€/l",
    "extra_info": "–40%"
  },
  {
    "image_url": "https://cdn.barbora.lt/products/d4d9fe9f-f72f-4af5-8b8c-c99c9f9577c2_m.png",
    "title": "Vaisinė arbata vaikams ŽOLYNĖLIS su miško uogomis, 40 g",
    "price": "2.19",
    "price_2": null,
    "extra_info": "2 ar daugiau su –25%"
  },
  {
    "image_url": "https://cdn.barbora.lt/products/e5586619-d2e5-4049-9db6-4dfa226da9ea_m.png",
    "title": "Šaltai rūkyta pjaustyta KLAIPĖDOS SKILANDINĖ dešra, a. r., 100 g",
    "price": "1.99",
    "price_2": "19,9€/kg",
    "extra_info": "–20%"
  },
  {
    "image_url": "https://cdn.barbora.lt/products/daba9f4b-ab80-409b-893d-d6c5ad439170_m.png",
    "title": "Sausainiai su aviečių skonio žele MIO&RIO, 135 g",
    "price": "0.75",
    "price_2": null,
    "extra_info": "2 ar daugiau su –25%"
  },
  {
    "image_url": "https://cdn.barbora.lt/products/d494198e-56fd-4971-b516-3626785f7541_m.png",
    "title": "Moteriškas pieštukinis dezodorantas DOVE INVISIBLE DRY, 50 ml",
    "price": "1.99",
    "price_2": "39,8€/l",
    "extra_info": "–50%"
  },
  {
    "image_url": "https://cdn.barbora.lt/products/cda40288-5248-4086-9e63-d5bb14ca8a56_m.png",
    "title": "Dantų šepetėlis JORDAN CLEAN SMILE SOFT, 1 vnt.",
    "price": "1.69",
    "price_2": null,
    "extra_info": "2 ar daugiau su –40%"
  },
  {
    "image_url": "https://cdn.barbora.lt/products/e1d42374-dee2-4275-8c21-f4250252057f_m.png",
    "title": "DZŪKIJOS DESERTINIS sausainių rinkinys, 420 g",
    "price": "3.49",
    "price_2": null,
    "extra_info": "2 ar daugiau su –25%"
  },
  {
    "image_url": "https://cdn.barbora.lt/products/f605e1b7-39c7-46cf-8a58-d0452fa7bd84_m.png",
    "title": "Ekologiškas ypač grynas alyvuogių aliejus BIO BASSO, 500 ml",
    "price": "5.69",
    "price_2": "11,38€/l",
    "extra_info": "–40%"
  },
  {
    "image_url": "https://cdn.barbora.lt/products/5f12ac77-c131-4693-9f1c-663e19ae5bc5_m.png",
    "title": "Makaronų ruošinys MAGGI CARBONARA, 30 g",
    "price": "0.59",
    "price_2": "19,67€/kg",
    "extra_info": "–40%"
  },
  {
    "image_url": "https://cdn.barbora.lt/products/3d32653f-c9b9-4789-b4ad-23b338678220_m.png",
    "title": "Paltusinė plekšnė, skrosta, atitirp. (lot. Microstomus kitt), 1 kg",
    "price": "5.99",
    "price_2": "5,99€/kg",
    "extra_info": "–25%"
  },
  {
    "image_url": "https://cdn.barbora.lt/products/8523b7d9-ea33-41de-8832-f71ad02c6f06_m.png",
    "title": "Batonėlis NESTLE MUSLI su pieniniu šokoladu ir bananais, 35 g",
    "price": "0.47",
    "price_2": "13,43€/kg",
    "extra_info": "–41%"
  },
  {
    "image_url": "https://cdn.barbora.lt/products/a1592d76-4718-4e6b-9fd2-ce3c242194ab_m.png",
    "title": "Kuminas SANTA MARIA, 20 g",
    "price": "1.19",
    "price_2": null,
    "extra_info": "2 ar daugiau su –50%"
  },
  {
    "image_url": "https://cdn.barbora.lt/products/8f4c3593-3a84-4fcf-a7ed-c184cabb22bf_m.png",
    "title": "Bulvių traškučiai TAFFEL SAN DIEGO, pomidorų skonio, 180 g",
    "price": "1.29",
    "price_2": "7,17€/kg",
    "extra_info": "–50%"
  },
  {
    "image_url": "https://cdn.barbora.lt/products/7f136fa4-a34d-4bb4-9778-da8c8f3fc3aa_m.png",
    "title": "Vytintas itališkas saliamis NAPOLI, pjaustytas, nerūš., 80 g",
    "price": "1.49",
    "price_2": "18,63€/kg",
    "extra_info": "–25%"
  },
  {
    "image_url": "https://cdn.barbora.lt/products/477d4389-f26e-4669-94d1-681786b075f2_m.png",
    "title": "Lėtai virta viščiukų broilerių filė HEAT & EAT, barbekiu sk., 400 g",
    "price": "3.49",
    "price_2": "8,73€/kg",
    "extra_info": "–36%"
  },
  {
    "image_url": "https://cdn.barbora.lt/products/78ade876-da7f-4ab7-b605-0e5d5dce9f32_m.png",
    "title": "Tirpus grietinėlės skonio sojų produktas, 150 g",
    "price": "1.79",
    "price_2": null,
    "extra_info": "2 ar daugiau su –25%"
  },
  {
    "image_url": "https://cdn.barbora.lt/products/b6e1187e-e317-4dbf-90ab-58528d0c9571_m.png",
    "title": "Valg. ekolog. jogurtas DOBILAS su obuol., grūdais, 3,2%rieb., 300 g",
    "price": "1.49",
    "price_2": "4,97€/kg",
    "extra_info": "–32%"
  },
  {
    "image_url": "https://cdn.barbora.lt/products/259385ff-da1c-4c35-83e0-bc087fbaeec1_m.png",
    "title": "Valg. ekol. jogurtas DOBILAS su anan., mang., 2,5-3,5% rieb., 125 g",
    "price": "0.75",
    "price_2": "6€/kg",
    "extra_info": "–31%"
  },
  {
    "image_url": "https://cdn.barbora.lt/products/201f26e9-3413-4760-9bd0-848ad1aa6edd_m.png",
    "title": "Spraginti kukurūzai su sūriu MR.CHECK, 150 g",
    "price": "1.29",
    "price_2": "8,6€/kg",
    "extra_info": "–28%"
  },
  {
    "image_url": "https://cdn.barbora.lt/products/237c28db-f8d8-49ba-a4c9-395f1ed84a17_m.png",
    "title": "Baltyminis batonėlis MAXI NUTRITION su braškių, jogurto įd., 45 g",
    "price": "1.79",
    "price_2": "39,78€/kg",
    "extra_info": "–40%"
  },
  {
    "image_url": "https://cdn.barbora.lt/products/3647abed-f443-4186-a4eb-f06e664ad005_m.png",
    "title": "Ekologiškas jogurtas su slyvomis DOBILAS, 3,1 % rieb., 300 g",
    "price": "1.49",
    "price_2": "4,97€/kg",
    "extra_info": "–32%"
  },
  {
    "image_url": "https://cdn.barbora.lt/products/531077c7-769a-42e6-ba66-dffc083b4fde_m.png",
    "title": "Maltas cinamonas SANTA MARIA, 40 g",
    "price": "2.19",
    "price_2": null,
    "extra_info": "2 ar daugiau su –50%"
  },
  {
    "image_url": "https://cdn.barbora.lt/products/d91d56ce-212c-4880-8654-32fc2efa1746_m.png",
    "title": "ZIGMO užtepėlė su ikrais ir krevetėmis, 160 g",
    "price": "2.39",
    "price_2": "14,94€/kg",
    "extra_info": "–27%"
  },
  {
    "image_url": "https://cdn.barbora.lt/products/ef8dab13-6602-44b8-a677-c485714468dd_m.png",
    "title": "Virtas KLAIPĖDOS kiaulienos kumpis, I r., 300 g",
    "price": "2.85",
    "price_2": "9,5€/kg",
    "extra_info": "–21%"
  },
  {
    "image_url": "https://cdn.barbora.lt/products/4ac89d16-8e38-4793-8b14-e0d58f368dfb_m.png",
    "title": "Kosmetinės servetėlės GRITE BLOSSOM (2 sluoksnių), 80 vnt.",
    "price": "0.69",
    "price_2": "0,01€/vnt.",
    "extra_info": "–50%"
  },
  {
    "image_url": "https://cdn.barbora.lt/products/66ee5e06-930e-4404-bcfd-91527ab595be_m.png",
    "title": "Sausainiai OREO GOLDEN, 154 g",
    "price": "1.49",
    "price_2": "9,68€/kg",
    "extra_info": "–40%"
  },
  {
    "image_url": "https://cdn.barbora.lt/products/c1411017-baae-42de-b329-51f79bf937ff_m.png",
    "title": "Itališki maltos mėsos prieskoniai SANTA MARIA, 32 g",
    "price": "1.19",
    "price_2": null,
    "extra_info": "2 ar daugiau su –50%"
  },
  {
    "image_url": "https://cdn.barbora.lt/products/2a5377ea-4ee0-4d99-b158-538a401e4347_m.png",
    "title": "Batonėlis NESTLE CORN FLAKES be glitimo, 22 g",
    "price": "0.39",
    "price_2": "17,73€/kg",
    "extra_info": "–40%"
  },
  {
    "image_url": "https://cdn.barbora.lt/products/d5e8dabc-3afa-454e-beb1-2edb8a7f96a8_m.png",
    "title": "Marinuoti agurkai WELL DONE, 1650 g",
    "price": "3.75",
    "price_2": "2,27€/kg",
    "extra_info": "–20%"
  },
  {
    "image_url": "https://cdn.barbora.lt/products/032cd04c-f535-4c99-8133-b281f4d5bcfa_m.png",
    "title": "Virtas vištienos kumpis WELL DONE, a. r., 100 g",
    "price": "1.29",
    "price_2": null,
    "extra_info": "2 ar daugiau su –20%"
  },
  {
    "image_url": "https://cdn.barbora.lt/products/c6eb544a-0838-4ed8-a74b-83769c76c2e1_m.png",
    "title": "Terijakio padažas SANTA MARIA, 300 ml",
    "price": "5.89",
    "price_2": null,
    "extra_info": "2 ar daugiau su –50%"
  },
  {
    "image_url": "https://cdn.barbora.lt/products/b444d32b-7620-460f-9a91-2f100415045e_m.png",
    "title": "Traškučiai KLASIKINIAI JDC, 200 g",
    "price": "1.25",
    "price_2": null,
    "extra_info": "2 ar daugiau su –25%"
  },
  {
    "image_url": "https://cdn.barbora.lt/products/10817b3d-5f1b-487b-81fd-974d8c7539f7_m.png",
    "title": "Prieskonių mišinys SANTA MARIA TEX MEX CHILI CON CARNE, 28 g",
    "price": "1.59",
    "price_2": null,
    "extra_info": "2 ar daugiau su –50%"
  },
  {
    "image_url": "https://cdn.barbora.lt/products/d69329db-443f-4512-8c28-8e66aad36fe9_m.png",
    "title": "Batonėlis NESTLE su pieniniu šokoladu, 35 g",
    "price": "0.47",
    "price_2": "13,43€/kg",
    "extra_info": "–41%"
  },
  {
    "image_url": "https://cdn.barbora.lt/products/7777d473-e88e-4c64-930b-c86a208fedbe_m.png",
    "title": "Dėmių valiklis OXY KH-7, 750 ml",
    "price": "3.89",
    "price_2": "5,18€/l",
    "extra_info": "–40%"
  },
  {
    "image_url": "https://cdn.barbora.lt/products/2561cd49-9426-498f-ab49-5a4c36565b63_m.png",
    "title": "Baltyminis batonėlis MAXI NUTRITION su kokosais ir šokoladu, 45 g",
    "price": "1.79",
    "price_2": "39,78€/kg",
    "extra_info": "–40%"
  },
  {
    "image_url": "https://cdn.barbora.lt/products/1eb48f55-116a-44c7-912b-8f50ae63611c_m.png",
    "title": "NIVEA Rutulinis dezodorantas PEARL & BEAUTY moterims, 50 ml",
    "price": "2.39",
    "price_2": "47,8€/l",
    "extra_info": "–50%"
  },
  {
    "image_url": "https://cdn.barbora.lt/products/61b8a867-f1d5-4dbd-a7d6-7857a5141904_m.png",
    "title": "Kūdikių šampūnas SEBAMED, 150 ml",
    "price": "7.89",
    "price_2": null,
    "extra_info": "2 ar daugiau su –40%"
  },
  {
    "image_url": "https://cdn.barbora.lt/products/b645fd72-0e46-4b37-97e3-d9e3a4a704f2_m.png",
    "title": "Makaronai LAMOLISANA MEZZI RIGATONI Nr. 32, 500 g",
    "price": "1.07",
    "price_2": "2,14€/kg",
    "extra_info": "–40%"
  },
  {
    "image_url": "https://cdn.barbora.lt/products/983861ab-80b4-41e6-82e1-7eb9583f2191_m.png",
    "title": "Salotų prieskoniai VEGETA, 20 g",
    "price": "0.69",
    "price_2": null,
    "extra_info": "2 ar daugiau su –40%"
  },
  {
    "image_url": "https://cdn.barbora.lt/products/37801dce-0be1-405b-bf98-6ce8594f4b59_m.png",
    "title": "Skalbimo kapsulės NEUTRAL DUO COLOUR, 24 skalbimams, 24 vnt.",
    "price": "8.99",
    "price_2": "0,37€/vnt.",
    "extra_info": "–40%"
  },
  {
    "image_url": "https://cdn.barbora.lt/products/c9465f6a-de9a-4d74-99b7-d0aae46e8615_m.png",
    "title": "Garuose virtos raudonos pupelės WELL DONE, 150 g",
    "price": "0.81",
    "price_2": "5,4€/kg",
    "extra_info": "–26%"
  },
  {
    "image_url": "https://cdn.barbora.lt/products/4bf1b9d1-4a46-4a8e-8022-10ff06e4454a_m.png",
    "title": "Vaikiška dantų pasta JORDAN vaisių skonio,0-5 metai, 50 ml",
    "price": "2.79",
    "price_2": null,
    "extra_info": "2 ar daugiau su –40%"
  },
  {
    "image_url": "https://cdn.barbora.lt/products/2c53224a-ca76-4449-87e0-587e89a6263d_m.png",
    "title": "Vytinti BERETTA pažandės kubeliai GUANCIALE, nerūš., 100 g",
    "price": "1.89",
    "price_2": null,
    "extra_info": "2 ar daugiau su –20%"
  },
  {
    "image_url": "https://cdn.barbora.lt/products/f293c146-d721-4739-8a4f-e09fad86e0eb_m.png",
    "title": "Juodoji arbata DILMAH, karamelės skonio, 30 g",
    "price": "2.39",
    "price_2": null,
    "extra_info": "2 ar daugiau su –25%"
  },
  {
    "image_url": "https://cdn.barbora.lt/products/82130680-8a50-4b1c-a902-e5f876b0713d_m.png",
    "title": "Kukurūzų makaronai SAM MILLS (rageliai) be glitimo, 500 g",
    "price": "1.29",
    "price_2": "2,58€/kg",
    "extra_info": "–32%"
  },
  {
    "image_url": "https://cdn.barbora.lt/products/5af6ee28-417a-4418-9212-1364a75503a2_m.png",
    "title": "Indiškų prieskonių TIKKA MASALA mišinys SANTA MARIA, 35 g",
    "price": "1.39",
    "price_2": null,
    "extra_info": "2 ar daugiau su –50%"
  },
  {
    "image_url": "https://cdn.barbora.lt/products/6d3e5bf8-5bfb-4f2a-b38b-d96258dcabfa_m.png",
    "title": "ARBATINIAI sausainiai VIKTORIJA, 600 g",
    "price": "2.89",
    "price_2": null,
    "extra_info": "2 ar daugiau su –25%"
  },
  {
    "image_url": "https://cdn.barbora.lt/products/456ec684-0412-4afa-ad1f-c7166786b4c3_m.png",
    "title": "Šaltai rūkyta ŠVARCVALDO šoninė WELL DONE, I r., 80 g",
    "price": "1.79",
    "price_2": null,
    "extra_info": "2 ar daugiau su –20%"
  },
  {
    "image_url": "https://cdn.barbora.lt/products/5211424f-8786-4fd9-8d59-11f789127b8f_m.png",
    "title": "Trapieji sausainiai su sviestu WELL DONE, 400 g",
    "price": "2.99",
    "price_2": null,
    "extra_info": "2 ar daugiau su –25%"
  },
  {
    "image_url": "https://cdn.barbora.lt/products/7d930460-0786-41b4-8883-9e4c14af6cd4_m.png",
    "title": "Pieno gėrimas MIAU mėlynių skonio, sterilizuotas, 2,3 % rieb., 450 ml",
    "price": "1.19",
    "price_2": "2,65€/l",
    "extra_info": "–32%"
  },
  {
    "image_url": "https://cdn.barbora.lt/products/a9bb9aee-263c-442b-bee1-01d1ae7572f1_m.png",
    "title": "Sojų gėrimas ALPRO PLANT PROTEIN, 1 l",
    "price": "2.58",
    "price_2": "2,58€/l",
    "extra_info": "–30%"
  },
  {
    "image_url": "https://cdn.barbora.lt/products/dda58e81-bf05-489f-a2d2-a859017ed554_m.png",
    "title": "Vytintas BERETTA kiaulienos kumpis PROSCIUTTO CRUDO su trumais, nerūš., 80 g",
    "price": "4.19",
    "price_2": null,
    "extra_info": "2 ar daugiau su –20%"
  },
  {
    "image_url": "https://cdn.barbora.lt/products/95243de6-f6c6-43fb-bc06-ab0008a106d9_m.png",
    "title": "Vaisinė arbata LOYD, miško uogų skonio, 40 g",
    "price": "2.99",
    "price_2": null,
    "extra_info": "2 ar daugiau su –25%"
  },
  {
    "image_url": "https://cdn.barbora.lt/products/d47469ed-e4ea-4807-9358-a44f0cd50d4d_m.png",
    "title": "DZŪKIJOS MALŪNO sausainiai su karamelizuotais riešutais, 200 g",
    "price": "2.49",
    "price_2": null,
    "extra_info": "2 ar daugiau su –25%"
  },
  {
    "image_url": "https://cdn.barbora.lt/products/8981e577-9662-4610-82b8-0863baedc0a5_m.png",
    "title": "Aštri vytinta dešra CHORIZO SARTA, 200 g",
    "price": "2.59",
    "price_2": "12,95€/kg",
    "extra_info": "–21%"
  },
  {
    "image_url": "https://cdn.barbora.lt/products/a4c27593-7ca2-4867-8a70-fe283a5d5f08_m.png",
    "title": "Tirpi pievagrybių sriuba MAGGI 5 MINUTES su skrebučiais, 16 g",
    "price": "0.35",
    "price_2": "21,88€/kg",
    "extra_info": "–41%"
  },
  {
    "image_url": "https://cdn.barbora.lt/products/f655ecda-cfeb-4aa9-b809-ebf840fb1706_m.png",
    "title": "Sausainiai OREO POKEMON su braškių skonio kremu, 110,4 g",
    "price": "1.19",
    "price_2": "9,95€/kg",
    "extra_info": "–40%"
  },
  {
    "image_url": "https://cdn.barbora.lt/products/6ba12201-4c23-4f24-855b-bbb0d28dcb56_m.png",
    "title": "Braškių avižiniai sausainiai BEGINNINGS, 80 g",
    "price": "2.01",
    "price_2": "25,13€/kg",
    "extra_info": "–25%"
  },
  {
    "image_url": "https://cdn.barbora.lt/products/c159b4b9-e871-4d58-9654-6e0067ce9ab3_m.png",
    "title": "Dantų pasta ELMEX CARIES PROTECTION, 75 ml",
    "price": "6.49",
    "price_2": null,
    "extra_info": "2 ar daugiau su –40%"
  },
  {
    "image_url": "https://cdn.barbora.lt/products/017584c4-8784-417d-bea5-8a2eb52337ea_m.png",
    "title": "GARLIAVOS DUONOS sviestiniai sausainiai NAMINIAI, 320 g",
    "price": "3.39",
    "price_2": null,
    "extra_info": "2 ar daugiau su –25%"
  },
  {
    "image_url": "https://cdn.barbora.lt/products/e9632ce6-71c3-4b01-9186-dc8f3f87a4a8_m.png",
    "title": "Avižiniai sausainiai MIO&RIO, 200 g",
    "price": "0.59",
    "price_2": null,
    "extra_info": "2 ar daugiau su –25%"
  },
  {
    "image_url": "https://cdn.barbora.lt/products/02c8a9cc-73f8-44cd-aa4b-e5d45294c4f5_m.png",
    "title": "NIVEA BLACKBERRY SHINE puoselėjamasis lūpų balzamas",
    "price": "1.29",
    "price_2": "1,29€/vnt.",
    "extra_info": "–50%"
  },
  {
    "image_url": "https://cdn.barbora.lt/products/4c07b405-33ca-4ec9-8989-7a27cac93b6c_m.png",
    "title": "Virta rūkyta BAJORŲ kumpinė dešra vakuume, a. r., 400 g",
    "price": "2.79",
    "price_2": "6,98€/kg",
    "extra_info": "–41%"
  },
  {
    "image_url": "https://cdn.barbora.lt/products/a7075888-018c-426d-8da1-4ba0d3a2b801_m.png",
    "title": "Ramunėlių žiedų arbata ŽOLYNĖLIS, 25 g",
    "price": "1.39",
    "price_2": null,
    "extra_info": "2 ar daugiau su –25%"
  },
  {
    "image_url": "https://cdn.barbora.lt/products/26e909f7-f436-4e6f-947f-c2563d5e993d_m.png",
    "title": "NIVEA® RANKŲ KREMAS 3 IN 1 REPAIR su dekspantenoliu, 75 ml",
    "price": "2.89",
    "price_2": "38,53€/l",
    "extra_info": "–51%"
  },
  {
    "image_url": "https://cdn.barbora.lt/products/2e74a5fd-1857-4a28-a098-202187cf0587_m.png",
    "title": "Ryžių traškučiai ORGANIX obuolių skonio, nuo 7 mėn., 40 g",
    "price": "3.69",
    "price_2": null,
    "extra_info": "2 ar daugiau su –25%"
  },
  {
    "image_url": "https://cdn.barbora.lt/products/4772ec1d-b680-4f91-96bd-6af947341453_m.png",
    "title": "Gazuotas gėrimas COCA COLA ZERO, 500 ml",
    "price": "1.29",
    "price_2": null,
    "extra_info": "2 už 1,89€"
  },
  {
    "image_url": "https://cdn.barbora.lt/products/218feba3-cec6-4420-b797-968fa2798edd_m.png",
    "title": "Vištienos sultinys MAGGI, 80 g, 80 g",
    "price": "0.77",
    "price_2": "9,63€/kg",
    "extra_info": "–40%"
  },
  {
    "image_url": "https://cdn.barbora.lt/products/84adc1d8-5783-4312-8a78-832287fd1e64_m.png",
    "title": "Vytinta pjaustyta čioriso dešra WELL DONE, I r., 80 g",
    "price": "1.69",
    "price_2": null,
    "extra_info": "2 ar daugiau su –20%"
  },
  {
    "image_url": "https://cdn.barbora.lt/products/0f6edbcc-896b-454d-b030-e78297cf8ddc_m.png",
    "title": "Migdoliniai sausainiai ANNA'S, 150 g",
    "price": "2.09",
    "price_2": null,
    "extra_info": "2 ar daugiau su –25%"
  },
  {
    "image_url": "https://cdn.barbora.lt/products/c801a9a3-438d-40a3-b535-c2e01cc4a80f_m.png",
    "title": "Dražė M&M'S CHOCO, 200 g",
    "price": "2.39",
    "price_2": "11,95€/kg",
    "extra_info": "–40%"
  },
  {
    "image_url": "https://cdn.barbora.lt/products/2de9acd5-6f66-45db-aefc-a7032fdeadcc_m.png",
    "title": "Valg. ekologiškas jogurtas DOBILAS su persikais, 2,2 % rieb., 330 g",
    "price": "0.99",
    "price_2": "3€/kg",
    "extra_info": "–34%"
  },
  {
    "image_url": "https://cdn.barbora.lt/products/1cc38774-3e21-43a0-a6ec-e17852b183a9_m.png",
    "title": "Gr. par. bulvių košė su rūkyt. kiauliena ir skrebučiais, 53 g",
    "price": "1.01",
    "price_2": "19,06€/kg",
    "extra_info": "–40%"
  },
  {
    "image_url": "https://cdn.barbora.lt/products/bfad96db-e274-4681-a131-3bf383b4b559_m.png",
    "title": "Majonezinis padažas WOWMAMA su rūkyt. paprikomis, 40 % rieb., 440 g",
    "price": "1.95",
    "price_2": "4,43€/kg",
    "extra_info": "–30%"
  },
  {
    "image_url": "https://cdn.barbora.lt/products/586ef27d-51bf-4c7b-bc7c-995d009f0933_m.png",
    "title": "Kiaušininiai vafliai WELL DONE, 250 g",
    "price": "1.65",
    "price_2": null,
    "extra_info": "2 ar daugiau su –25%"
  },
  {
    "image_url": "https://cdn.barbora.lt/products/bac3dbc3-b432-48da-a57f-ed116a5c9428_m.png",
    "title": "Citrinpipiriai SANTA MARIA, 70 g",
    "price": "2.49",
    "price_2": null,
    "extra_info": "2 ar daugiau su –50%"
  },
  {
    "image_url": "https://cdn.barbora.lt/products/e37428dc-3869-45e6-a310-f8ae5705491e_m.png",
    "title": "ELSEVE šampūnas, 400ml",
    "price": "7.39",
    "price_2": null,
    "extra_info": "2 ar daugiau su –40%"
  },
  {
    "image_url": "https://cdn.barbora.lt/products/6028ceae-0d06-4842-ac5b-a907e9927dec_m.png",
    "title": "Kukurūzų traškučiai SANTA MARIA TEX MEX su druska, 185 g",
    "price": "2.59",
    "price_2": null,
    "extra_info": "2 ar daugiau su –50%"
  },
  {
    "image_url": "https://cdn.barbora.lt/products/d3518d0d-1700-4891-95a2-c037ef4720ff_m.png",
    "title": "Šunų kramtalai LOVETT DENTAL STICK (7 vnt.), 180 g",
    "price": "1.04",
    "price_2": "5,78€/kg",
    "extra_info": "–30%"
  },
  {
    "image_url": "https://cdn.barbora.lt/products/b74d59e7-b5e1-4206-9707-ed354895a2e6_m.png",
    "title": "GINTARINIAI makaronai (sraigteliai), 400 g",
    "price": "0.57",
    "price_2": "1,43€/kg",
    "extra_info": "–36%"
  },
  {
    "image_url": "https://cdn.barbora.lt/products/3667b29e-f198-4e89-bc1d-e1e6440615aa_m.png",
    "title": "Rytietiškas marinatas SANTA MARIA BBQ (TERIYAKI), 75 g",
    "price": "0.95",
    "price_2": null,
    "extra_info": "2 ar daugiau su –50%"
  },
  {
    "image_url": "https://cdn.barbora.lt/products/4041f3a0-c390-423e-8d47-b53751f9ad43_m.png",
    "title": "Stikliniai makaronai SANTA MARIA, 100 g",
    "price": "3.19",
    "price_2": null,
    "extra_info": "2 ar daugiau su –50%"
  },
  {
    "image_url": "https://cdn.barbora.lt/products/511baa4b-33b3-4409-b1cc-c120cca5e8fc_m.png",
    "title": "Kokosų gėrimas SANTA MARIA, liesas, 250 ml",
    "price": "2.59",
    "price_2": null,
    "extra_info": "2 ar daugiau su –50%"
  },
  {
    "image_url": "https://cdn.barbora.lt/products/d1e08e52-d2e7-4f1b-b9df-e1606b3f53a0_m.png",
    "title": "Šaldytos bandelės su varške LIETUVOS KEPĖJAS, 400 g",
    "price": "1.99",
    "price_2": "4,98€/kg",
    "extra_info": "–33%"
  },
  {
    "image_url": "https://cdn.barbora.lt/products/9429a9e5-8d14-4938-8b0b-8c816b8de478_m.png",
    "title": "Baltyminis kokteilis VALIO PROFEEL, braškių sk., 1,6 % rieb., 250 ml",
    "price": "1.59",
    "price_2": "6,36€/l",
    "extra_info": "–20%"
  },
  {
    "image_url": "https://cdn.barbora.lt/products/d3d4d87a-3de9-4fe4-9d18-86b3e5dc1e82_m.png",
    "title": "Citrininiai žuvies prieskoniai SANTA MARIA, 23 g",
    "price": "1.15",
    "price_2": null,
    "extra_info": "2 ar daugiau su –50%"
  },
  {
    "image_url": "https://cdn.barbora.lt/products/c46fc0c3-367b-42a5-8a72-8ec21601a861_m.png",
    "title": "Sviestiniai sausainiai LEIBNIZ ZOO, 100 g",
    "price": "1.69",
    "price_2": null,
    "extra_info": "2 ar daugiau su –25%"
  },
  {
    "image_url": "https://cdn.barbora.lt/products/22b0fa35-0b34-4948-b81d-eac97488cadc_m.png",
    "title": "ECODENTA balinamoji dantų pasta su mėtų aliejumi ir šalavijų ekstraktu 100 ml",
    "price": "3.65",
    "price_2": null,
    "extra_info": "2 ar daugiau su –40%"
  },
  {
    "image_url": "https://cdn.barbora.lt/products/7577a41a-5126-4da6-9d28-946b735b6fa8_m.png",
    "title": "NIVEA HYDRO CARE lūpų balzamas, 4,8 g",
    "price": "1.79",
    "price_2": "372,92€/kg",
    "extra_info": "–51%"
  },
  {
    "image_url": "https://cdn.barbora.lt/products/4b3ddb2e-ed0d-4e36-8391-be5d28e2640a_m.png",
    "title": "Baltyminis batonėlis OREO WHITE GRENADE, 60 g",
    "price": "2.19",
    "price_2": "36,5€/kg",
    "extra_info": "–41%"
  },
  {
    "image_url": "https://cdn.barbora.lt/products/f412e475-9d2b-42d3-a76a-ade1ca8219db_m.png",
    "title": "Baltyminis vaflis MAXI NUTRITION su pistacijų kremu, 39 g",
    "price": "1.79",
    "price_2": "45,9€/kg",
    "extra_info": "–40%"
  },
  {
    "image_url": "https://cdn.barbora.lt/products/a4af4845-6dc6-4fdf-b955-f875ce601784_m.png",
    "title": "Sviestiniai sausainiai LEIBNIZ MINIS su šokoladu, 100 g",
    "price": "1.79",
    "price_2": null,
    "extra_info": "2 ar daugiau su –25%"
  },
  {
    "image_url": "https://cdn.barbora.lt/products/29b592d2-e153-4bf7-9b0a-8cc93dac7335_m.png",
    "title": "Juodoji arbata DILMAH, braškių skonio, 30 g",
    "price": "2.39",
    "price_2": null,
    "extra_info": "2 ar daugiau su –25%"
  },
  {
    "image_url": "https://cdn.barbora.lt/products/db488d4d-890e-428a-9109-0326fabfa9dd_m.png",
    "title": "Plaukų šampūnas SYOSS Keratin, 440 ml",
    "price": "7.49",
    "price_2": null,
    "extra_info": "2 ar daugiau su –40%"
  },
  {
    "image_url": "https://cdn.barbora.lt/products/27d432b5-d330-4902-bf8d-e82d670a22d4_m.png",
    "title": "Kukurūzų traškučiai TAFFEL NACHO CHEESE BALLS, sūrio skonio, 260 g",
    "price": "1.89",
    "price_2": "7,27€/kg",
    "extra_info": "–50%"
  },
  {
    "image_url": "https://cdn.barbora.lt/products/32f10c7c-ec7c-45a2-809c-fd25cda706fd_m.png",
    "title": "Šokoladu aplieti biskvitiniai sausainiai MIO&RIO su apelsinų skonio žele, 135 g",
    "price": "0.75",
    "price_2": null,
    "extra_info": "2 ar daugiau su –25%"
  },
  {
    "image_url": "https://cdn.barbora.lt/products/7b58fcec-975e-47ee-b42a-63fca2f9c97c_m.png",
    "title": "Vaikų šampūnas-prausiklis NEUTRAL KIDS, 250 ml",
    "price": "2.29",
    "price_2": "9,16€/l",
    "extra_info": "–41%"
  },
  {
    "image_url": "https://cdn.barbora.lt/products/2cafe214-69a9-41cd-8101-b6ef96b6c1e1_m.png",
    "title": "Prieskonių mišinys TEX MEX MAGGI AIR FRYER, 66 g",
    "price": "0.89",
    "price_2": "13,49€/kg",
    "extra_info": "–40%"
  },
  {
    "image_url": "https://cdn.barbora.lt/products/1d11afe8-d22f-4596-add6-e1f21dd3eb48_m.png",
    "title": "Vaflinis batonėlis KIT KAT CHUNKY su žemės riešutų kremu, 42 g",
    "price": "1.19",
    "price_2": null,
    "extra_info": "2 ar daugiau su –25%"
  },
  {
    "image_url": "https://cdn.barbora.lt/products/50521504-a564-4bcf-a70d-7866e238528f_m.png",
    "title": "Sausi pusryčiai NESTLE CORN FLAKES be glitimo, 375 g",
    "price": "2.39",
    "price_2": "6,37€/kg",
    "extra_info": "–40%"
  },
  {
    "image_url": "https://cdn.barbora.lt/products/0e08386d-58f6-472a-af48-529ef867e427_m.png",
    "title": "Tirpioji pomidorų sriuba MAGGI 5 MINUTES su makaronais, 23 g",
    "price": "0.35",
    "price_2": "15,22€/kg",
    "extra_info": "–41%"
  },
  {
    "image_url": "https://cdn.barbora.lt/products/a19f9753-d852-4be6-bd48-7b37da0cef08_m.png",
    "title": "Sausainiai OREO POKEMON su mėlynių ledų skonio kremu, 110,4 g",
    "price": "1.19",
    "price_2": "9,95€/kg",
    "extra_info": "–40%"
  },
  {
    "image_url": "https://cdn.barbora.lt/products/9758fe51-1767-428a-ac79-f475d3b4721c_m.png",
    "title": "SOSTINĖS šviesi plikyta duona, 800 g",
    "price": "1.35",
    "price_2": "1,69€/kg",
    "extra_info": "–20%"
  },
  {
    "image_url": "https://cdn.barbora.lt/products/198e6cc5-7417-4b0f-a91d-7b0d24088fbc_m.png",
    "title": "Makaronai LA MOLISANA be glitimo (vamzdeliai), 400 g",
    "price": "2.03",
    "price_2": "5,08€/kg",
    "extra_info": "–40%"
  },
  {
    "image_url": "https://cdn.barbora.lt/products/8471bd0e-c807-4879-899d-cbd4452894e1_m.png",
    "title": "Skalbiamosios kapsulės PERSIL PC COLOR, 29 vnt., 29 vnt.",
    "price": "9.59",
    "price_2": "0,33€/vnt.",
    "extra_info": "–40%"
  },
  {
    "image_url": "https://cdn.barbora.lt/products/7e2cb01d-1d63-488e-b76f-212e04d89ad8_m.png",
    "title": "Karštai rūkytos BAJORŲ kiaulių pažandės su oda, pirma rūšis, 1 kg",
    "price": "3.35",
    "price_2": "3,35€/kg",
    "extra_info": "–40%"
  },
  {
    "image_url": "https://cdn.barbora.lt/products/aac4884c-4169-4d66-a990-471a33ee0ad8_m.png",
    "title": "Dribsnių batonėlis NESQUIK, 25 g",
    "price": "0.39",
    "price_2": "15,6€/kg",
    "extra_info": "–40%"
  },
  {
    "image_url": "https://cdn.barbora.lt/products/9e0eb859-a0d9-44ac-af2e-d62e0bc4b5fd_m.png",
    "title": "Vaisinė arbata VASAROS SKONIS su žemuogėmis, 50 g",
    "price": "2.19",
    "price_2": null,
    "extra_info": "2 ar daugiau su –25%"
  },
  {
    "image_url": "https://cdn.barbora.lt/products/6fd0a4b9-e4a9-4c03-80b3-37b8f16b5358_m.png",
    "title": "Karštai rūkytos aštrios vidurinės sparnelių dalys, a. r., 300 g",
    "price": "2.39",
    "price_2": "7,96€/kg",
    "extra_info": "–32%"
  },
  {
    "image_url": "https://cdn.barbora.lt/products/9e5efc51-04d7-4cbe-952b-53f9cdfb5733_m.png",
    "title": "Picų paplotėliai BALTASIS PYRAGAS, 260 g",
    "price": "1.05",
    "price_2": "4,04€/kg",
    "extra_info": "–19%"
  },
  {
    "image_url": "https://cdn.barbora.lt/products/3fad38d7-1567-4075-a38a-18000a43fb14_m.png",
    "title": "Šaltai rūkyta NAMINĖ dešra, II r., 230 g",
    "price": "2.29",
    "price_2": "9,95€/kg",
    "extra_info": "–34%"
  },
  {
    "image_url": "https://cdn.barbora.lt/products/c66c8181-e60f-421e-b402-ef70fb98ba65_m.png",
    "title": "Česnakiniai vištienos prieskoniai KOTANYI, 30 g",
    "price": "0.83",
    "price_2": "27,67€/kg",
    "extra_info": "–30%"
  },
  {
    "image_url": "https://cdn.barbora.lt/products/1d89ae35-22d5-4fa7-ae83-b8deed1efab0_m.png",
    "title": "Dėmių valiklis KH-7, 750 ml",
    "price": "3.59",
    "price_2": "4,79€/l",
    "extra_info": "–40%"
  },
  {
    "image_url": "https://cdn.barbora.lt/products/8dac3e00-9501-42ca-b99c-107fe960eb99_m.png",
    "title": "Sausainiai OREO su baltojo šokolodo glaistu, 246 g",
    "price": "2.99",
    "price_2": "12,15€/kg",
    "extra_info": "–40%"
  },
  {
    "image_url": "https://cdn.barbora.lt/products/fa93922e-ec52-486a-b2fa-f2b17f36de0e_m.png",
    "title": "Vaflinės lazdelės OREO WAFER ROLL vanilės skonio, 54 g",
    "price": "1.19",
    "price_2": "22,04€/kg",
    "extra_info": "–40%"
  },
  {
    "image_url": "https://cdn.barbora.lt/products/a351d885-8412-4803-a120-a60db3e1548e_m.png",
    "title": "Dušo želė DOVE ADVANCED CARE DEEPLY NOURISHING, 400 ml",
    "price": "3.79",
    "price_2": "9,48€/l",
    "extra_info": "–51%"
  },
  {
    "image_url": "https://cdn.barbora.lt/products/62aac185-5133-445d-a8e9-1fdaeb906a3f_m.png",
    "title": "Vytintintas BERETTA pjaustytas kiaulienos kumpis PROSCIUTTO DI PARMA, nerūš., 70 g",
    "price": "3.99",
    "price_2": null,
    "extra_info": "2 ar daugiau su –20%"
  },
  {
    "image_url": "https://cdn.barbora.lt/products/60eb8bef-56c4-47a1-b8dc-447e8855d2a6_m.png",
    "title": "Juodoji arbata LIPTON YELOW LABEL, 100 g",
    "price": "2.99",
    "price_2": "29,9€/kg",
    "extra_info": "–40%"
  },
  {
    "image_url": "https://cdn.barbora.lt/products/40331181-b29c-4256-b63b-031cd6b11c69_m.png",
    "title": "Sausainių formos dribsniai NESTLE COOKIE CRISP, šokolado sk., 375 g",
    "price": "2.39",
    "price_2": "6,37€/kg",
    "extra_info": "–40%"
  },
  {
    "image_url": "https://cdn.barbora.lt/products/e5f1902e-d2e2-47b2-a635-4fd0c0d68317_m.png",
    "title": "DZŪKIJOS sausainiai SAULĖGRĄŽA, 300 g",
    "price": "2.99",
    "price_2": null,
    "extra_info": "2 ar daugiau su –25%"
  },
  {
    "image_url": "https://cdn.barbora.lt/products/69403032-2705-4ba1-8603-732877748595_m.png",
    "title": "Šaldytos bandelės su dešrelėmis LIETUVOS KEPĖJAS, 390 g",
    "price": "3.09",
    "price_2": "7,92€/kg",
    "extra_info": "–21%"
  },
  {
    "image_url": "https://cdn.barbora.lt/products/08be0425-714c-4f1e-b009-4fbf3830a62c_m.png",
    "title": "Maltos rūkytos paprikos SANTA MARIA, 37 g",
    "price": "2.69",
    "price_2": null,
    "extra_info": "2 ar daugiau su –50%"
  },
  {
    "image_url": "https://cdn.barbora.lt/products/917ac2a0-ee85-429f-90f2-edfbd16ebb68_m.png",
    "title": "Baltyminis batonėlis MAXI NUTRITION su riešutais ir karamele, 45 g",
    "price": "1.79",
    "price_2": "39,78€/kg",
    "extra_info": "–40%"
  },
  {
    "image_url": "https://cdn.barbora.lt/products/3d3886de-fedb-48cc-b40d-e744e292ae8f_m.png",
    "title": "Dantų pasta SENSODYNE REPAIR&PROTECT, 75 ml",
    "price": "7.39",
    "price_2": null,
    "extra_info": "2 ar daugiau su –40%"
  },
  {
    "image_url": "https://cdn.barbora.lt/products/ea54758e-d7bb-4102-a9f8-89cabcb73ea2_m.png",
    "title": "Valgom. ekologiškas jogurtas DOBILAS su bananais, 2,2% rieb., 330 g",
    "price": "0.99",
    "price_2": "3€/kg",
    "extra_info": "–34%"
  },
  {
    "image_url": "https://cdn.barbora.lt/products/4b952d97-f784-4000-a1a1-63f6775d9df8_m.png",
    "title": "Juodoji arbata LIPTON PEACH MANGO, 34 g",
    "price": "2.09",
    "price_2": "61,47€/kg",
    "extra_info": "–40%"
  },
  {
    "image_url": "https://cdn.barbora.lt/products/e872bb03-3f37-4f6d-9dff-aa4fe5324579_m.png",
    "title": "Distiliuotas vanduo ROTZ ,1 l",
    "price": "1.19",
    "price_2": null,
    "extra_info": "2 ar daugiau su –40%"
  },
  {
    "image_url": "https://cdn.barbora.lt/products/681791fc-feeb-4153-8ab2-1f62946908c1_m.png",
    "title": "Minkšti sausainiai BELVITA su lazdynų riešutų skonio įdaru, 250 g",
    "price": "3.99",
    "price_2": null,
    "extra_info": "2 ar daugiau su –25%"
  },
  {
    "image_url": "https://cdn.barbora.lt/products/1943aba8-4d28-45f6-87ea-11b2dc664ea8_m.png",
    "title": "Sausainiai MULINO BIANCO TARALLUCCI, 350 g",
    "price": "2.99",
    "price_2": null,
    "extra_info": "2 ar daugiau su –25%"
  },
  {
    "image_url": "https://cdn.barbora.lt/products/4003c536-588f-42ca-b77e-2c78d7d41a1b_m.png",
    "title": "Virta BAJORŲ dešra su lašinukais, I r., 600 g",
    "price": "1.79",
    "price_2": "2,98€/kg",
    "extra_info": "–40%"
  },
  {
    "image_url": "https://cdn.barbora.lt/products/c2827d05-414d-4d50-b936-8da32fe1fee4_m.png",
    "title": "Baltyminis kokteilis VALIO PROFEEL, šokol. sk., 1,6 % rieb., 250 ml",
    "price": "1.59",
    "price_2": "6,36€/l",
    "extra_info": "–20%"
  },
  {
    "image_url": "https://cdn.barbora.lt/products/ad9e6038-1e04-44de-ae62-4e6a1c6e89a1_m.png",
    "title": "Kepsnių prieskoniai SANTA MARIA, 30 g",
    "price": "0.99",
    "price_2": null,
    "extra_info": "2 ar daugiau su –50%"
  },
  {
    "image_url": "https://cdn.barbora.lt/products/e8a3c861-8412-41d4-b53a-eb6794e80012_m.png",
    "title": "Brandintas jautienos antrekoto kepsnys RIB EYE be kaulo, 240 g",
    "price": "6.99",
    "price_2": "29,13€/kg",
    "extra_info": "–30%"
  },
  {
    "image_url": "https://cdn.barbora.lt/products/776a39b2-85cf-49e5-ada2-85c2eb529a4d_m.png",
    "title": "Atšil.paprast.didž.skraidkalmarių filė (lot.Dosidicus Gigas), 1 kg",
    "price": "9.99",
    "price_2": "9,99€/kg",
    "extra_info": "–20%"
  },
  {
    "image_url": "https://cdn.barbora.lt/products/4472ccfa-1799-4a88-8bf7-0540a126efcf_m.png",
    "title": "Vaflinis batonėlis KNOPPERS BLACK & WHITE, 25 g",
    "price": "0.59",
    "price_2": null,
    "extra_info": "2 ar daugiau su –25%"
  },
  {
    "image_url": "https://cdn.barbora.lt/products/e902094c-3fdc-468a-9a49-855895366ddd_m.png",
    "title": "Ekologiškas jautienos sultinys NATUR COMPAGNIE (8 kub.), 96 g",
    "price": "2.49",
    "price_2": "25,93€/kg",
    "extra_info": "–29%"
  },
  {
    "image_url": "https://cdn.barbora.lt/products/31147a97-990f-4e36-9b99-169eb2d09b5f_m.png",
    "title": "Penkių grūdų sausainiai BELVITA CEREALS & MILK, 300 g",
    "price": "3.79",
    "price_2": null,
    "extra_info": "2 ar daugiau su –25%"
  },
  {
    "image_url": "https://cdn.barbora.lt/products/fa8ef897-53ff-4bb9-a8aa-e3e1a138b206_m.png",
    "title": "Ekologiški skaldyti žirniai EKOFRISA, 400 g",
    "price": "0.99",
    "price_2": "2,48€/kg",
    "extra_info": "–29%"
  },
  {
    "image_url": "https://cdn.barbora.lt/products/91e7b272-efb8-46c2-8495-49d5c23ec9b8_m.png",
    "title": "Indų ploviklis L'ARBRE VERT jautriai odai, 500 ml",
    "price": "1.59",
    "price_2": "3,18€/l",
    "extra_info": "–40%"
  },
  {
    "image_url": "https://cdn.barbora.lt/products/ad079715-30bd-4c89-8bb8-cf4448fbc7bb_m.png",
    "title": "Guminukai ZOZOLE (lazdelės), vaisių skonio, 75 g",
    "price": "0.79",
    "price_2": null,
    "extra_info": "2 už 1,09€"
  },
  {
    "image_url": "https://cdn.barbora.lt/products/3f78848c-1950-4959-85fc-1d76417e39bf_m.png",
    "title": "Imbieriniai sausainiai ANNA'S, apelsinų skonio, 150 g",
    "price": "2.09",
    "price_2": null,
    "extra_info": "2 ar daugiau su –25%"
  },
  {
    "image_url": "https://cdn.barbora.lt/products/8d22a4ba-be81-47f7-8220-49c3380bc9e6_m.png",
    "title": "Virtas KLEBONIŠKAS liežuvio vyniotinis, a. r., 1 kg",
    "price": "7.59",
    "price_2": "7,59€/kg",
    "extra_info": "–26%"
  },
  {
    "image_url": "https://cdn.barbora.lt/products/55f89adb-2ac4-4808-b970-d15fbd4bc9e9_m.png",
    "title": "Bulvių traškučiai TAFFEL, krapų skonio, 130 g",
    "price": "1.04",
    "price_2": "8€/kg",
    "extra_info": "–50%"
  },
  {
    "image_url": "https://cdn.barbora.lt/products/19e105e2-8e6a-4ec5-af22-6d7958c2b0e7_m.png",
    "title": "Avižiniai baltyminiai sausainiai BEGINNINGS, 80 g",
    "price": "2.01",
    "price_2": "25,13€/kg",
    "extra_info": "–25%"
  },
  {
    "image_url": "https://cdn.barbora.lt/products/1a97e2c5-48c5-48d6-98e3-c55b14bda896_m.png",
    "title": "Krekeriai TUC MINI, rūkyto bekono skonio, 100 g",
    "price": "0.99",
    "price_2": "9,9€/kg",
    "extra_info": "–41%"
  },
  {
    "image_url": "https://cdn.barbora.lt/products/2c7b2f82-7316-4df1-b29c-0fc12a49fa40_m.png",
    "title": "Vaisinė arbata LOYD, aviečių ir braškių skonio, 40 g",
    "price": "2.99",
    "price_2": null,
    "extra_info": "2 ar daugiau su –25%"
  },
  {
    "image_url": "https://cdn.barbora.lt/products/cbba217e-5e9b-4948-8c36-eb378bf41d85_m.png",
    "title": "Virta dešra JOKIŲ PRIDĖTINIŲ E, a. r., 250 g",
    "price": "1.79",
    "price_2": "7,16€/kg",
    "extra_info": "–40%"
  },
  {
    "image_url": "https://cdn.barbora.lt/products/6c5507cd-c02e-4363-b675-4d677fc18783_m.png",
    "title": "Plaukų šampūnas SYOSS Keratin, 750 ml",
    "price": "11.69",
    "price_2": null,
    "extra_info": "2 ar daugiau su –40%"
  },
  {
    "image_url": "https://cdn.barbora.lt/products/5da34525-876e-45b9-8db1-d9b62b95994c_m.png",
    "title": "Vyriškas kūno ir plaukų prausiklis NIVEA MEN SPORT, 250 ml",
    "price": "2.09",
    "price_2": "8,36€/l",
    "extra_info": "–50%"
  },
  {
    "image_url": "https://cdn.barbora.lt/products/f2a9a742-055a-4e3b-9b37-c040c8276418_m.png",
    "title": "Lūpų balzamas NEUTROGENA, 4,8 g",
    "price": "2.79",
    "price_2": "581,25€/kg",
    "extra_info": "–30%"
  },
  {
    "image_url": "https://cdn.barbora.lt/products/4bf0ec33-09aa-44f8-86b4-5e1ef2d05e04_m.png",
    "title": "Besėkliai arbūzai, 1 kg",
    "price": "1.89",
    "price_2": "1,89€/kg",
    "extra_info": "–24%"
  },
  {
    "image_url": "https://cdn.barbora.lt/products/ef80acb1-e577-4bd6-9e4c-b0e3d3b92893_m.png",
    "title": "Saldžiarūgštis azijietiškas WOK padažas SANTA MARIA, 150 g",
    "price": "2.59",
    "price_2": null,
    "extra_info": "2 ar daugiau su –50%"
  },
  {
    "image_url": "https://cdn.barbora.lt/products/885cdbac-60a3-43f3-bc54-0874a461c97f_m.png",
    "title": "Citrininiai avižiniai sausainiai BEGGININGS, 80 g",
    "price": "2.01",
    "price_2": "25,13€/kg",
    "extra_info": "–25%"
  },
  {
    "image_url": "https://cdn.barbora.lt/products/e884a968-a3c1-4df9-8770-8a8c7c9d657a_m.png",
    "title": "Kertuočių skonio želė be pridėtinio cukraus, 95 g",
    "price": "1.11",
    "price_2": "11,68€/kg",
    "extra_info": "–26%"
  },
  {
    "image_url": "https://cdn.barbora.lt/products/11b94bf3-23c3-4425-8dea-33880205893c_m.png",
    "title": "Sausainiai GAIDELIS KLASIKA MINI, 380 g",
    "price": "1.99",
    "price_2": null,
    "extra_info": "2 ar daugiau su –25%"
  },
  {
    "image_url": "https://cdn.barbora.lt/products/0a0a548b-3a3f-46b9-9850-579bb20e8820_m.png",
    "title": "Sausainiai MIO&RIO, sutirštinto pieno skonio, 160 g",
    "price": "0.49",
    "price_2": null,
    "extra_info": "2 ar daugiau su –25%"
  },
  {
    "image_url": "https://cdn.barbora.lt/products/5914ea70-7880-44d1-8a98-6dd8da628dcf_m.png",
    "title": "Ekologiški sausainiai vaikams HOLLE (nuo 8 mėn.), 150 g",
    "price": "4.39",
    "price_2": null,
    "extra_info": "2 ar daugiau su –25%"
  },
  {
    "image_url": "https://cdn.barbora.lt/products/c30bf4aa-c469-4120-b793-fdd40e9d6edb_m.png",
    "title": "Pieninių dantų gelis WELEDA, 50 ml",
    "price": "5.49",
    "price_2": null,
    "extra_info": "2 ar daugiau su –40%"
  },
  {
    "image_url": "https://cdn.barbora.lt/products/cb9a9740-795e-4d16-b926-f8e93c41c448_m.png",
    "title": "Malti juodieji pipirai SANTA MARIA, 36 g",
    "price": "2.79",
    "price_2": null,
    "extra_info": "2 ar daugiau su –50%"
  },
  {
    "image_url": "https://cdn.barbora.lt/products/bee4bb7f-bf00-485e-859f-fcfa10c3dbd0_m.png",
    "title": "Indiškų prieskonių GARAM MASALA mišinys SANTA MARIA, 33 g",
    "price": "1.59",
    "price_2": null,
    "extra_info": "2 ar daugiau su –50%"
  },
  {
    "image_url": "https://cdn.barbora.lt/products/86a9d983-3319-4896-b6e4-67ab8f590f1a_m.png",
    "title": "Dantų pasta COLGATE CAVITY PROTECTION, 75 ml",
    "price": "1.79",
    "price_2": null,
    "extra_info": "2 ar daugiau su –40%"
  },
  {
    "image_url": "https://cdn.barbora.lt/products/3cebcf62-f0bb-4bbd-818c-5dca0fbca628_m.png",
    "title": "Makaronai LA MOLISANA PAPPARDELLE Nr. 105, 500 g",
    "price": "1.79",
    "price_2": "3,58€/kg",
    "extra_info": "–40%"
  },
  {
    "image_url": "https://cdn.barbora.lt/products/c4a03ccc-2238-4d40-9aa8-f5c5b0c6f5b8_m.png",
    "title": "Kukurūzų ir kviečių tortilijos SANTA MARIA, 336 g",
    "price": "3.19",
    "price_2": null,
    "extra_info": "2 ar daugiau su –50%"
  },
  {
    "image_url": "https://cdn.barbora.lt/products/877dc610-24f8-484e-bdb8-8783db67f6b7_m.png",
    "title": "Nefiltruotas ypač grynas alyvuogių aliejus BASSO, 500 ml",
    "price": "5.39",
    "price_2": "10,78€/l",
    "extra_info": "–40%"
  },
  {
    "image_url": "https://cdn.barbora.lt/products/ddb110ec-388c-4b42-aac1-f8780ccf704a_m.png",
    "title": "Meduoliai JDC KOKOSINIS LIEŽUVĖLIS, 250 g",
    "price": "1.59",
    "price_2": null,
    "extra_info": "2 ar daugiau su –25%"
  },
  {
    "image_url": "https://cdn.barbora.lt/products/3d7129f5-00f3-4258-aafb-1a3ea98adcdc_m.png",
    "title": "Karštai rūkyta vištienos dešra PORMET (griežinėliai), I r., 100 g",
    "price": "0.99",
    "price_2": null,
    "extra_info": "2 ar daugiau su –20%"
  },
  {
    "image_url": "https://cdn.barbora.lt/products/3f6df49b-52a6-461c-9e43-ef2c202b76bd_m.png",
    "title": "Baltyminis batonėlis GRENADE FUDGED UP, 60 g",
    "price": "2.19",
    "price_2": "36,5€/kg",
    "extra_info": "–41%"
  },
  {
    "image_url": "https://cdn.barbora.lt/products/e935dfbb-c036-4dd4-b2f5-8d76d066f01e_m.png",
    "title": "Pilno grūdo duona BALVITEN be glitimo, 250 g",
    "price": "2.39",
    "price_2": "9,56€/kg",
    "extra_info": "–20%"
  },
  {
    "image_url": "https://cdn.barbora.lt/products/0e71266e-895c-45c3-b29f-fc1a543b6db3_m.png",
    "title": "Dantų šepetėlis COLGATE ZIG ZAG MEDIUM, 1 vnt.",
    "price": "1.69",
    "price_2": null,
    "extra_info": "2 ar daugiau su –40%"
  },
  {
    "image_url": "https://cdn.barbora.lt/products/260ba2de-7e38-471a-8b3a-b3bd99c2bda7_m.png",
    "title": "Sausainiai BOGUTTI be pridėtinio cukraus, su saldikliu, 135 g",
    "price": "2.25",
    "price_2": null,
    "extra_info": "2 ar daugiau su –25%"
  },
  {
    "image_url": "https://cdn.barbora.lt/products/6a409e23-04b2-4102-96e0-90e307bb5fd2_m.png",
    "title": "Raudonųjų apelsinų, levandų skonio želė be pridėtinio cukr., 95 g",
    "price": "1.11",
    "price_2": "11,68€/kg",
    "extra_info": "–26%"
  },
  {
    "image_url": "https://cdn.barbora.lt/products/c409aaac-77a6-498c-a29b-02975c0095c9_m.png",
    "title": "Garuose troškintos Canellini pupelės WELL DONE, 150 g",
    "price": "0.81",
    "price_2": "5,4€/kg",
    "extra_info": "–26%"
  },
  {
    "image_url": "https://cdn.barbora.lt/products/85b7e4c0-c2a4-4cc0-b648-f48b6f757a9c_m.png",
    "title": "Česnakinis padažas FELIX, 375 g",
    "price": "1.76",
    "price_2": "4,7€/kg",
    "extra_info": "–25%"
  },
  {
    "image_url": "https://cdn.barbora.lt/products/17b8c692-5fd3-4274-8f9b-ed266f87f211_m.png",
    "title": "GARLIAVOS DUONOS sausainiai su juodųjų serbentų įdaru, 300 g",
    "price": "2.75",
    "price_2": null,
    "extra_info": "2 ar daugiau su –25%"
  },
  {
    "image_url": "https://cdn.barbora.lt/products/4bfb9bc7-7d16-4881-8725-93cdc8db3b92_m.png",
    "title": "Skalbiamasis gelis PERSIL EXPERT SENSITIVE, 40 skalb., 1.8 l",
    "price": "9.59",
    "price_2": "5,33€/l",
    "extra_info": "–40%"
  },
  {
    "image_url": "https://cdn.barbora.lt/products/d63ef886-f0c2-4f2a-8441-32de624f7e60_m.png",
    "title": "S. JASINEVIČIAUS saldaus pieno sūris su kmynais, 22 % rieb., 1 kg",
    "price": "12.39",
    "price_2": "12,39€/kg",
    "extra_info": "–11%"
  },
  {
    "image_url": "https://cdn.barbora.lt/products/9dcbc1c9-e57e-48bc-83cb-9fbfb89bb38a_m.png",
    "title": "Mėsos prieskoniai SANTA MARIA, 35 g",
    "price": "1.09",
    "price_2": null,
    "extra_info": "2 ar daugiau su –50%"
  },
  {
    "image_url": "https://cdn.barbora.lt/products/982d2be9-7b62-4fe2-8f1a-eebe9a65d0fa_m.png",
    "title": "NIVEA Purškiamasis dezodorantas BLACK&WHITE POWER vyrams, 250 ml",
    "price": "3.19",
    "price_2": "12,76€/l",
    "extra_info": "–50%"
  },
  {
    "image_url": "https://cdn.barbora.lt/products/041f65db-57b5-4fa5-9a71-a57587d571a7_m.png",
    "title": "NIVEA Care maitinamasis kremas 100ml",
    "price": "2.79",
    "price_2": "27,9€/l",
    "extra_info": "–51%"
  },
  {
    "image_url": "https://cdn.barbora.lt/products/483de7f2-7abe-41d4-b83b-b4c9701437e2_m.png",
    "title": "Pomidorų padažas SANTA MARIA TEX MEX CHUNKY SALSA, 230 g",
    "price": "3.49",
    "price_2": null,
    "extra_info": "2 ar daugiau su –50%"
  },
  {
    "image_url": "https://cdn.barbora.lt/products/48426e54-fdb1-4315-b481-5cc74afc2c75_m.png",
    "title": "Bazilikai SANTA MARIA, 6 g",
    "price": "1.19",
    "price_2": null,
    "extra_info": "2 ar daugiau su –50%"
  },
  {
    "image_url": "https://cdn.barbora.lt/products/d99d0b53-a591-4dd1-96b4-b418418ab8b8_m.png",
    "title": "Padažas WOK PAD THAI SANTA MARIA, 150 g",
    "price": "2.59",
    "price_2": null,
    "extra_info": "2 ar daugiau su –50%"
  },
  {
    "image_url": "https://cdn.barbora.lt/products/010c1876-a930-4ac4-88c6-f26ff45e3b56_m.png",
    "title": "Šaltai rūkyta SKILANDINĖ dešra, a. r., 330 g",
    "price": "4.49",
    "price_2": "13,6€/kg",
    "extra_info": "–36%"
  },
  {
    "image_url": "https://cdn.barbora.lt/products/d3cccc9a-67f8-4e76-864e-34163c429b38_m.png",
    "title": "Viščiukų broilerių sparnelių vidurinės dalys WELL DONE, 500 g",
    "price": "1.99",
    "price_2": "3,98€/kg",
    "extra_info": "–13%"
  },
  {
    "image_url": "https://cdn.barbora.lt/products/c8c21586-7e55-4f7c-8d63-4a3dc29dc796_m.png",
    "title": "Pusryčių dribsniai NESQUICK MINIS NESTLE, 300 g, 300 g",
    "price": "2.39",
    "price_2": "7,97€/kg",
    "extra_info": "–40%"
  },
  {
    "image_url": "https://cdn.barbora.lt/products/b9e39075-f50d-44e6-a061-003d94e7a910_m.png",
    "title": "Šaltai rūkytas BAJORŲ saliamis griežinėliais, a. r., 90 g",
    "price": "1.19",
    "price_2": "13,22€/kg",
    "extra_info": "–40%"
  },
  {
    "image_url": "https://cdn.barbora.lt/products/cbef7b45-8a84-4611-b277-dd5a891b2531_m.png",
    "title": "Žolelių arbata ŽOLYNĖLIS LENGVUMĖLIS, 30 g",
    "price": "1.99",
    "price_2": null,
    "extra_info": "2 ar daugiau su –25%"
  },
  {
    "image_url": "https://cdn.barbora.lt/products/1d59c0cf-ba56-4c6f-8228-84c3110bbd75_m.png",
    "title": "Popieriniai rankšluosčiai GRITE BLOSSOM XL (2 sl.), 1 vnt.",
    "price": "2.59",
    "price_2": "2,59€/vnt.",
    "extra_info": "–50%"
  },
  {
    "image_url": "https://cdn.barbora.lt/products/6673a2e0-5453-4138-bdfb-e2b4bf3c0e1a_m.png",
    "title": "Žalioji arbata TWININGS, citrinų skonio, 40 g",
    "price": "5.29",
    "price_2": null,
    "extra_info": "2 ar daugiau su –25%"
  },
  {
    "image_url": "https://cdn.barbora.lt/products/4f6d77da-14d3-41a9-a894-28856e5f7468_m.png",
    "title": "Avižiniai sausainiai SELGA TREAT su šokolado glaistu, 200 g",
    "price": "2.99",
    "price_2": null,
    "extra_info": "2 ar daugiau su –25%"
  },
  {
    "image_url": "https://cdn.barbora.lt/products/77b3f85a-5918-43ab-a10f-efdcd3c1292e_m.png",
    "title": "Spurga su karamelės įdaru (atitirpinta), 70 g",
    "price": "0.49",
    "price_2": null,
    "extra_info": "3 už 1,19€"
  },
  {
    "image_url": "https://cdn.barbora.lt/products/b6fb6d84-3791-46d6-b27e-834925e6854f_m.png",
    "title": "Beigeliai BALVITEN be glitimo, 2 vnt., 150 g",
    "price": "2.95",
    "price_2": "19,67€/kg",
    "extra_info": "–20%"
  },
  {
    "image_url": "https://cdn.barbora.lt/products/63d8eb52-ea42-40cf-92a2-411e3f823ead_m.png",
    "title": "Šaltai rūkytas KLASIKINIS saliamis, a. r., 200 g",
    "price": "3.29",
    "price_2": "16,45€/kg",
    "extra_info": "–30%"
  },
  {
    "image_url": "https://cdn.barbora.lt/products/ae54e9b5-565a-4b25-abce-add789600aa4_m.png",
    "title": "Meduoliai su medumi JDC, 400 g",
    "price": "1.99",
    "price_2": null,
    "extra_info": "2 ar daugiau su –25%"
  },
  {
    "image_url": "https://cdn.barbora.lt/products/247cadfd-5241-463e-b7bb-87ca0c41a295_m.png",
    "title": "Bulvių prieskoniai SANTA MARIA, 100 g",
    "price": "1.99",
    "price_2": null,
    "extra_info": "2 ar daugiau su –50%"
  },
  {
    "image_url": "https://cdn.barbora.lt/products/510e01f4-7323-4c25-b5b6-18dd97fbf92d_m.png",
    "title": "Saldus aitriųjų paprikų padažas SANTA MARIA, 200 ml, 200 ml",
    "price": "2.59",
    "price_2": null,
    "extra_info": "2 ar daugiau su –50%"
  },
  {
    "image_url": "https://cdn.barbora.lt/products/d1ee13ba-efee-4a08-afd3-c7430fd7426d_m.png",
    "title": "Skalbimo gelis \"PERSIL Color\" 66sk.",
    "price": "13.99",
    "price_2": "4,71€/l",
    "extra_info": "–40%"
  },
  {
    "image_url": "https://cdn.barbora.lt/products/a9b9147d-7fe0-4b4f-9174-616ba76cd4b9_m.png",
    "title": "NIVEA BLACK&WHITE CLEAR purškiamasis antiperspirantas moterims, 250 ml",
    "price": "3.19",
    "price_2": "12,76€/l",
    "extra_info": "–50%"
  },
  {
    "image_url": "https://cdn.barbora.lt/products/b517838d-191d-4a76-99c6-4cc88dea9c25_m.png",
    "title": "Baltyminis batonėlis GRENADE CARB KILLA (riešutų sk.), 60 g",
    "price": "2.19",
    "price_2": "36,5€/kg",
    "extra_info": "–41%"
  },
  {
    "image_url": "https://cdn.barbora.lt/products/4d4ec1c2-e622-4e94-867a-ccfa0e4edbf9_m.png",
    "title": "DZŪKIJOS PROGINIS sausainių rinkinys, 1 kg",
    "price": "7.99",
    "price_2": null,
    "extra_info": "2 ar daugiau su –25%"
  },
  {
    "image_url": "https://cdn.barbora.lt/products/7df755c7-c4cc-4477-868f-f84481a81bf6_m.png",
    "title": "GINTARINIAI makaronai (kriauklės), 400 g",
    "price": "0.57",
    "price_2": "1,43€/kg",
    "extra_info": "–36%"
  },
  {
    "image_url": "https://cdn.barbora.lt/products/c8c2cfd8-51a9-463a-8925-4a988cfbd4f8_m.png",
    "title": "NIVEA dvifazis vandeniui atsparaus akiu makiažo valiklis, 125 ml",
    "price": "3.79",
    "price_2": "30,32€/l",
    "extra_info": "–51%"
  },
  {
    "image_url": "https://cdn.barbora.lt/products/9b844c5c-9d3e-45b3-93f9-23e3f564068d_m.png",
    "title": "Vaikiškas dantų šepetėlis JORDAN, minkštas, 6-9 m., 1 vnt.",
    "price": "2.89",
    "price_2": null,
    "extra_info": "2 ar daugiau su –40%"
  },
  {
    "image_url": "https://cdn.barbora.lt/products/77fd8b18-1868-439a-b4cd-17430d5dcf72_m.png",
    "title": "Kietųjų kviečių miltai picoms LAMOLISANA, 1 kg",
    "price": "1.19",
    "price_2": "1,19€/kg",
    "extra_info": "–40%"
  },
  {
    "image_url": "https://cdn.barbora.lt/products/51e9d643-c6bf-4b8e-92ce-7795c0933373_m.png",
    "title": "Lėt.virta višč.šlaun.mėsa su PERI PERI marin. HEAT&EAT, a.r., 400 g",
    "price": "3.99",
    "price_2": "9,98€/kg",
    "extra_info": "–29%"
  },
  {
    "image_url": "https://cdn.barbora.lt/products/90436f80-a0fe-4824-8782-f0b6fe6a99f4_m.png",
    "title": "Alyvuogių aliejus BASSO, 500 ml",
    "price": "4.79",
    "price_2": "9,58€/l",
    "extra_info": "–40%"
  },
  {
    "image_url": "https://cdn.barbora.lt/products/56ce6b02-d50a-437e-89ca-aef1d7d05da2_m.png",
    "title": "Makaronų prieskoniai SANTA MARIA, 22 g",
    "price": "0.99",
    "price_2": null,
    "extra_info": "2 ar daugiau su –50%"
  },
  {
    "image_url": "https://cdn.barbora.lt/products/18c06c15-41f1-49cc-9769-11074af261c8_m.png",
    "title": "GINTARINIAI makaronai (rageliai), 400 g",
    "price": "0.57",
    "price_2": "1,43€/kg",
    "extra_info": "–36%"
  },
  {
    "image_url": "https://cdn.barbora.lt/products/9caeca16-970e-4460-8328-2ef14785cdfb_m.png",
    "title": "Trapus riestainis su sviestu, 245 g",
    "price": "3.79",
    "price_2": null,
    "extra_info": "2 ar daugiau su –25%"
  },
  {
    "image_url": "https://cdn.barbora.lt/products/6040a554-1366-49f6-880a-c348fa6b2fcc_m.png",
    "title": "Skalbiamosios kapsulės PERSIL PC COLOR, 44 vnt., 44 vnt.",
    "price": "13.99",
    "price_2": "0,32€/vnt.",
    "extra_info": "–40%"
  },
  {
    "image_url": "https://cdn.barbora.lt/products/5c6b88de-02f8-4fae-bedf-66fed377e9b4_m.png",
    "title": "Baltyminis batonėlis MAXI NUTRITION su sausainių gabaliukais, 45 g",
    "price": "1.79",
    "price_2": "39,78€/kg",
    "extra_info": "–40%"
  },
  {
    "image_url": "https://cdn.barbora.lt/products/090ee285-3605-4031-b9c4-4fd7e40764d6_m.png",
    "title": "Juodoji arbata DILMAH, juodųjų serbentų skonio, 30 g",
    "price": "2.39",
    "price_2": null,
    "extra_info": "2 ar daugiau su –25%"
  },
  {
    "image_url": "https://cdn.barbora.lt/products/4aafc566-51d1-4772-803d-dc58db0ff9ff_m.png",
    "title": "Traškučiai MIO&RIO, 200 g",
    "price": "0.69",
    "price_2": null,
    "extra_info": "2 ar daugiau su –25%"
  },
  {
    "image_url": "https://cdn.barbora.lt/products/64a8a7ed-7cda-4363-a59c-4dc97d150698_m.png",
    "title": "Melisų su žemuogėmis arbata GAMTOS GURKŠNIS, 20 vnt.",
    "price": "1.29",
    "price_2": null,
    "extra_info": "2 ar daugiau su –25%"
  },
  {
    "image_url": "https://cdn.barbora.lt/products/0e46d6ff-57ce-4326-a9ca-7e073cfe5910_m.png",
    "title": "Česnakinė druska SANTA MARIA, 77 g",
    "price": "1.39",
    "price_2": null,
    "extra_info": "2 ar daugiau su –50%"
  },
  {
    "image_url": "https://cdn.barbora.lt/products/03d1f0d1-be20-4e7b-aee3-f7e611714d42_m.png",
    "title": "Juodoji arbata ETNO KENIJA, 40 g",
    "price": "1.99",
    "price_2": null,
    "extra_info": "2 ar daugiau su –25%"
  },
  {
    "image_url": "https://cdn.barbora.lt/products/b784dc43-587c-4da4-806b-26d41f429f78_m.png",
    "title": "Kūdikių dantų šepetėlis JORDAN (0-2 m.), ypač minkštas, 1 vnt.",
    "price": "3.39",
    "price_2": null,
    "extra_info": "2 ar daugiau su –40%"
  },
  {
    "image_url": "https://cdn.barbora.lt/products/37c84faf-4167-4cd1-bac6-0fa0bf889058_m.png",
    "title": "Moteriškas rutulinis dezodorantas REXONA INVISIBLE, 50 ml",
    "price": "2.09",
    "price_2": "41,8€/l",
    "extra_info": "–51%"
  },
  {
    "image_url": "https://cdn.barbora.lt/products/49b17e83-1806-4820-ace5-3b08381981d0_m.png",
    "title": "Sausainiai BOGUTTI su šokoladu be prid. cukr., su saldikliu, 135 g",
    "price": "2.25",
    "price_2": null,
    "extra_info": "2 ar daugiau su –25%"
  },
  {
    "image_url": "https://cdn.barbora.lt/products/316fe3d0-d769-4796-8ca9-00b6f131db57_m.png",
    "title": "Karštai rūkyta pjaustyta SAMSONO skilandinė dešra, A. r., 100 g",
    "price": "1.89",
    "price_2": null,
    "extra_info": "2 ar daugiau su –20%"
  },
  {
    "image_url": "https://cdn.barbora.lt/products/13c4f8bc-84cf-453d-b99d-1f488f9060c8_m.png",
    "title": "Ekologiški lukštenti grikiai EKOFRISA, 400 g",
    "price": "1.59",
    "price_2": "3,98€/kg",
    "extra_info": "–33%"
  },
  {
    "image_url": "https://cdn.barbora.lt/products/5c3de986-eb9f-4dae-a769-b2a429da918f_m.png",
    "title": "Spagečiai LA MOLISANA be glitimo, 400 g",
    "price": "2.03",
    "price_2": "5,08€/kg",
    "extra_info": "–40%"
  },
  {
    "image_url": "https://cdn.barbora.lt/products/b39e667c-d899-4c83-983d-d0d14021d6c9_m.png",
    "title": "Migdoliniai kakaviniai sausainiai BEGGININGS, 80 g",
    "price": "2.24",
    "price_2": "28€/kg",
    "extra_info": "–25%"
  },
  {
    "image_url": "https://cdn.barbora.lt/products/dcacbdf3-15ea-4900-8095-d4a3e049947e_m.png",
    "title": "Marinuoti agurkai WELL DONE, pjaust. išilgai, saldž. rūgštūs, 670 g",
    "price": "1.75",
    "price_2": "2,61€/kg",
    "extra_info": "–20%"
  },
  {
    "image_url": "https://cdn.barbora.lt/products/10781fa4-27f0-4a26-83c9-9e0f6ff9687d_m.png",
    "title": "GARLIAVOS DUONOS sausainiai PURIENA, 500 g",
    "price": "3.65",
    "price_2": null,
    "extra_info": "2 ar daugiau su –25%"
  },
  {
    "image_url": "https://cdn.barbora.lt/products/aac4a28e-9b5a-4d16-b30a-9c67c41b277f_m.png",
    "title": "Maltos višt. šlaun. mėsos,filė iešmeliai FIESTA kartvel. mar, 480 g",
    "price": "3.99",
    "price_2": "8,32€/kg",
    "extra_info": "–20%"
  },
  {
    "image_url": "https://cdn.barbora.lt/products/f6524625-a998-490f-a335-a92af3eb91a1_m.png",
    "title": "Riešutų ir sėklų batonėlis BEGINNINGS, 33 g",
    "price": "0.74",
    "price_2": "22,42€/kg",
    "extra_info": "–25%"
  },
  {
    "image_url": "https://cdn.barbora.lt/products/26b65a76-57f3-4a53-b8ff-4d9b3e1dfded_m.png",
    "title": "Saliamio griežinėliai su pipirais WELL DONE, 50 g",
    "price": "0.95",
    "price_2": null,
    "extra_info": "2 ar daugiau su –20%"
  },
  {
    "image_url": "https://cdn.barbora.lt/products/85cc53e9-6f93-4243-8a9d-46c3121aeb71_m.png",
    "title": "Vafliniai ritinėliai SELGA su kokosų įdaru, 160 g",
    "price": "2.19",
    "price_2": null,
    "extra_info": "2 ar daugiau su –25%"
  },
  {
    "image_url": "https://cdn.barbora.lt/products/48a807a3-c753-4547-ab6a-f2ea333e9769_m.png",
    "title": "Kanapių sėklų baltymai (milteliai) ŽOLYNĖLIS, 300 g",
    "price": "2.29",
    "price_2": "7,63€/kg",
    "extra_info": "–39%"
  },
  {
    "image_url": "https://cdn.barbora.lt/products/e457209e-f645-420f-9bbb-c8878715a4d3_m.png",
    "title": "Ledinukai HALLS, žaliųjų citrinų skonio, 33.5 g",
    "price": "0.89",
    "price_2": null,
    "extra_info": "2 už 1,19€"
  },
  {
    "image_url": "https://cdn.barbora.lt/products/58ecefb5-8469-49a6-9bca-bb789970a2be_m.png",
    "title": "Ledinukai HALLS EXTRA STRONG, 33.5 g",
    "price": "0.89",
    "price_2": null,
    "extra_info": "2 už 1,19€"
  },
  {
    "image_url": "https://cdn.barbora.lt/products/9aca3e1e-74d8-4b6a-86d0-83c9b2f4fb65_m.png",
    "title": "Riestainiai su sviestu JDC, 280 g",
    "price": "1.65",
    "price_2": null,
    "extra_info": "2 ar daugiau su –25%"
  },
  {
    "image_url": "https://cdn.barbora.lt/products/b9aaed2c-a9be-4fff-8c09-bd004fe3a840_m.png",
    "title": "Smulkintos kalendros SANTA MARIA, 20 g",
    "price": "1.09",
    "price_2": null,
    "extra_info": "2 ar daugiau su –50%"
  },
  {
    "image_url": "https://cdn.barbora.lt/products/1e4f1f69-1b3a-4dac-9a1e-cc9a5b31e630_m.png",
    "title": "Sausainiai LOVITA ROSHEN su kakavos skonio įdaru, 127 g",
    "price": "1.29",
    "price_2": null,
    "extra_info": "2 ar daugiau su –25%"
  },
  {
    "image_url": "https://cdn.barbora.lt/products/b19da94c-66cb-4f4e-b08d-711467f8eb46_m.png",
    "title": "Vytintas KLEBONIŠKAS saliamis, a. r., 90 g",
    "price": "2.29",
    "price_2": null,
    "extra_info": "2 ar daugiau su –20%"
  },
  {
    "image_url": "https://cdn.barbora.lt/products/5dbc4a97-32d5-444e-81b0-7edc5ab80b06_m.png",
    "title": "Riešutų ir šokolado batonėlis BEGINNINGS, 33 g",
    "price": "0.74",
    "price_2": "22,42€/kg",
    "extra_info": "–25%"
  },
  {
    "image_url": "https://cdn.barbora.lt/products/bdbf4841-6f8e-4bde-9dd3-7c78d3e2e1fc_m.png",
    "title": "Baltyminis vaflinis batonėlis su riešutais MAXI NUTRITION, 40 g",
    "price": "1.61",
    "price_2": "40,25€/kg",
    "extra_info": "–40%"
  },
  {
    "image_url": "https://cdn.barbora.lt/products/5c811359-3207-4d95-9135-62362d2c2f34_m.png",
    "title": "Granuliuoti svogūnai KOTANYI, 26 g",
    "price": "0.97",
    "price_2": "37,31€/kg",
    "extra_info": "–30%"
  },
  {
    "image_url": "https://cdn.barbora.lt/products/ff3ed2ec-198a-4e1a-b06d-ac3aa632b14c_m.png",
    "title": "NIVEA MEN ANTI DANDRUFF šampūnas nuo pleiskanų vyrams, 250 ml",
    "price": "2.39",
    "price_2": "9,56€/l",
    "extra_info": "–50%"
  },
  {
    "image_url": "https://cdn.barbora.lt/products/885fa46a-2a32-4c1d-a735-87071a021257_m.png",
    "title": "Kajeno paprikos SANTA MARIA, 30 g",
    "price": "1.69",
    "price_2": null,
    "extra_info": "2 ar daugiau su –50%"
  },
  {
    "image_url": "https://cdn.barbora.lt/products/9e81874e-fbde-4a3f-8d66-796bf77b68b2_m.png",
    "title": "Maltos ciberžolės SANTA MARIA, 20 g",
    "price": "0.99",
    "price_2": null,
    "extra_info": "2 ar daugiau su –50%"
  },
  {
    "image_url": "https://cdn.barbora.lt/products/36251019-e41b-44b8-acb3-877c1f3dd449_m.png",
    "title": "Kakaviniai sausainiai OREO BROWNIE, 154 g",
    "price": "1.49",
    "price_2": "9,68€/kg",
    "extra_info": "–40%"
  },
  {
    "image_url": "https://cdn.barbora.lt/products/e04c6448-a394-46ec-9565-b0e1a95a0b38_m.png",
    "title": "Kukurūzų traškučiai TAFFEL BALLS, grietinės ir svogūnų sk., 165 g",
    "price": "1.39",
    "price_2": "8,42€/kg",
    "extra_info": "–50%"
  },
  {
    "image_url": "https://cdn.barbora.lt/products/fd32f1f4-2884-469e-9e69-6feaa1e614bd_m.png",
    "title": "Vaisinė arbata ŽOLYNĖLIS su ananasais ir kriaušėmis, 40 g",
    "price": "2.49",
    "price_2": null,
    "extra_info": "2 ar daugiau su –25%"
  },
  {
    "image_url": "https://cdn.barbora.lt/products/4d42fae5-5364-463a-aba8-57a4aef59077_m.png",
    "title": "Keptas varškės sūris BBQ KING su česn., aitr. papr., 20 %, 230 g",
    "price": "2.99",
    "price_2": "13€/kg",
    "extra_info": "–33%"
  },
  {
    "image_url": "https://cdn.barbora.lt/products/989ad192-4f48-4bdb-80cd-8c962239b6f4_m.png",
    "title": "Tirpioji miško uogų skonio arbata EKLAND, 300 g",
    "price": "1.59",
    "price_2": null,
    "extra_info": "2 ar daugiau su –25%"
  },
  {
    "image_url": "https://cdn.barbora.lt/products/75bf28a8-93b4-4377-a20c-8fe469773499_m.png",
    "title": "Aštrus pomidorų ir aitriųjų pipirų padažas MAGGI, 500 ml",
    "price": "2.63",
    "price_2": "5,26€/l",
    "extra_info": "–40%"
  },
  {
    "image_url": "https://cdn.barbora.lt/products/86cc315b-a3c5-41ba-bd87-1854552848f5_m.png",
    "title": "Kukurūzų krepšeliai takams SANTA MARIA TEX MEX, 12 vnt., 135 g",
    "price": "3.79",
    "price_2": null,
    "extra_info": "2 ar daugiau su –50%"
  },
  {
    "image_url": "https://cdn.barbora.lt/products/28399d81-0f10-4ab2-81ac-c18fbf191f36_m.png",
    "title": "Kvapieji pipirai SANTA MARIA (žirneliai), 15 g",
    "price": "1.39",
    "price_2": null,
    "extra_info": "2 ar daugiau su –50%"
  },
  {
    "image_url": "https://cdn.barbora.lt/products/07832314-5334-4ac0-972f-5db7b473d360_m.png",
    "title": "Itališkos žolelės KOTANYI, 14 g",
    "price": "0.83",
    "price_2": "59,29€/kg",
    "extra_info": "–30%"
  },
  {
    "image_url": "https://cdn.barbora.lt/products/1476ac40-d059-4a32-8507-86af3268ed34_m.png",
    "title": "Greitai paruošiami makaronai MAGGI, sūrio skonio, 59.2 g",
    "price": "0.47",
    "price_2": "7,94€/kg",
    "extra_info": "–41%"
  },
  {
    "image_url": "https://cdn.barbora.lt/products/2eeb828f-7b60-4de6-b2d4-7cf7e1e58e3c_m.png",
    "title": "Marinuoti aštrūs agurkėliai WELL DONE, 340 g",
    "price": "1.59",
    "price_2": "4,67€/kg",
    "extra_info": "–20%"
  },
  {
    "image_url": "https://cdn.barbora.lt/products/0eded4b3-381d-4fdd-a6f6-87eb95fa70d9_m.png",
    "title": "Svarainių arbatos koncentratas WELL DONE, 520 ml",
    "price": "7.49",
    "price_2": null,
    "extra_info": "2 ar daugiau su –25%"
  },
  {
    "image_url": "https://cdn.barbora.lt/products/cbf377d3-723d-4fc2-bcb1-cc1374dabf80_m.png",
    "title": "NIVEA Klasikinis kremas visai šeimai, 150 ml",
    "price": "2.49",
    "price_2": "16,6€/l",
    "extra_info": "–50%"
  },
  {
    "image_url": "https://cdn.barbora.lt/products/c2154cb9-a21d-4d24-a698-49f7330a313f_m.png",
    "title": "Dribsnių batonėlis NESTLE CINI MINIS, 25 g",
    "price": "0.39",
    "price_2": "15,6€/kg",
    "extra_info": "–40%"
  },
  {
    "image_url": "https://cdn.barbora.lt/products/723871e2-01cf-4bf8-8b12-ee915aef059d_m.png",
    "title": "Mediniai dantų krapštukai, 200 vnt. Su kieta dėžute",
    "price": "0.49",
    "price_2": null,
    "extra_info": "2 ar daugiau su –40%"
  },
  {
    "image_url": "https://cdn.barbora.lt/products/aba9b155-717a-4ceb-8d14-8444aa36ab73_m.png",
    "title": "Cezario padažas FELIX, 375 g",
    "price": "1.76",
    "price_2": "4,7€/kg",
    "extra_info": "–25%"
  },
  {
    "image_url": "https://cdn.barbora.lt/products/8dbf1477-c81f-4e3d-be34-1052061df4f5_m.png",
    "title": "Sausainiai SELGA, bananų skonio, 180 g",
    "price": "1.15",
    "price_2": null,
    "extra_info": "2 ar daugiau su –25%"
  },
  {
    "image_url": "https://cdn.barbora.lt/products/cffa6a42-d6dc-4de5-9dcc-e1131baa357a_m.png",
    "title": "„Dreamies“ kačių skanėstai su jautiena, 60g",
    "price": "1.95",
    "price_2": null,
    "extra_info": "2 už 1 kainą"
  },
  {
    "image_url": "https://cdn.barbora.lt/products/752bd384-3feb-45df-8fcd-2c979ebe2e33_m.png",
    "title": "Laurų lapai SANTA MARIA, 4 g",
    "price": "1.49",
    "price_2": null,
    "extra_info": "2 ar daugiau su –50%"
  },
  {
    "image_url": "https://cdn.barbora.lt/products/93b7a45c-af6d-44eb-a542-f3ba05b36801_m.png",
    "title": "Čiobrelių arbata GAMTOS GURKŠNIS, 20 vnt.",
    "price": "1.29",
    "price_2": null,
    "extra_info": "2 ar daugiau su –25%"
  },
  {
    "image_url": "https://cdn.barbora.lt/products/effbd287-cc51-435b-8e63-ceec5489f275_m.png",
    "title": "Vaisinė arbata vaikams ŽOLYNĖLIS su braškėmis, 40 g",
    "price": "2.19",
    "price_2": null,
    "extra_info": "2 ar daugiau su –25%"
  },
  {
    "image_url": "https://cdn.barbora.lt/products/37431da9-0130-4c58-a7d8-c57ac0d10135_m.png",
    "title": "Ekologiškas obuolių actas DETOX, 500 ml",
    "price": "2.25",
    "price_2": "4,5€/l",
    "extra_info": "–29%"
  },
  {
    "image_url": "https://cdn.barbora.lt/products/a8bc37d0-1d18-4718-9ac7-2f24ba1c3a11_m.png",
    "title": "Pusryčių dribsniai NESTLE FITNESS su baltymais, 310 g, 310 g",
    "price": "2.39",
    "price_2": "7,71€/kg",
    "extra_info": "–40%"
  },
  {
    "image_url": "https://cdn.barbora.lt/products/e5128c88-32ed-4ea1-8e96-3b888bdd374f_m.png",
    "title": "Džiovinti duonvaisiai GĖRYBIŲ RAGAS, 250 g",
    "price": "2.99",
    "price_2": "11,96€/kg",
    "extra_info": "–25%"
  },
  {
    "image_url": "https://cdn.barbora.lt/products/9e1f4179-548f-499b-8f53-0a65adbdecb5_m.png",
    "title": "Viščiukas su rozmarinų ir citrin. pipirų marinatu WELL DONE, 1 kg",
    "price": "4.99",
    "price_2": "4,99€/kg",
    "extra_info": "–29%"
  },
  {
    "image_url": "https://cdn.barbora.lt/products/5defe8cb-2149-4fdf-a02d-3371529c6b4f_m.png",
    "title": "KOTANYI Burbono vanilinis cukrus, 15 g",
    "price": "1.04",
    "price_2": "69,33€/kg",
    "extra_info": "–30%"
  },
  {
    "image_url": "https://cdn.barbora.lt/products/df8dbe5b-aa5d-48bc-a8d8-dc49e395c704_m.png",
    "title": "Universalieji prieskoniai VEGETA, 200 g",
    "price": "1.89",
    "price_2": null,
    "extra_info": "2 ar daugiau su –40%"
  },
  {
    "image_url": "https://cdn.barbora.lt/products/abbdc1a9-53db-4a42-a2af-dd00b04a6b47_m.png",
    "title": "Virta UTENOS DAKTARIŠKA dešra, a. r., 600 g",
    "price": "2.99",
    "price_2": "4,98€/kg",
    "extra_info": "–47%"
  },
  {
    "image_url": "https://cdn.barbora.lt/products/82076215-5583-4aed-b95e-20e5bd3c1917_m.png",
    "title": "Greitai paruošiami makaronai MAGGI su padažu (terijakio sk.), 75 g",
    "price": "1.31",
    "price_2": "17,47€/kg",
    "extra_info": "–40%"
  },
  {
    "image_url": "https://cdn.barbora.lt/products/47288d8a-a7c0-48fe-a14f-fc56f5b6248e_m.png",
    "title": "Šaldytos kvietinės bandelės LIETUVOS KEPĖJAS, 8 vnt., 320 g",
    "price": "1.25",
    "price_2": "3,91€/kg",
    "extra_info": "–21%"
  },
  {
    "image_url": "https://cdn.barbora.lt/products/12a3c779-6fa8-4699-9241-5c64431ef03c_m.png",
    "title": "HISKIN Crazy Hair Minkštinantis kondicionierius sausiems ir pažeistiems plaukams su bananų aromatu,",
    "price": "6.99",
    "price_2": null,
    "extra_info": "2 ar daugiau su –40%"
  },
  {
    "image_url": "https://cdn.barbora.lt/products/acea2edf-d640-45c0-8fdf-3420f9bf60e3_m.png",
    "title": "Šaldytos traškios bulvių bangelės WERNSING, su pipirais, 600 g",
    "price": "2.79",
    "price_2": "4,65€/kg",
    "extra_info": "–20%"
  },
  {
    "image_url": "https://cdn.barbora.lt/products/7ee085c1-1c78-4e03-9e35-27e88f0f0fd8_m.png",
    "title": "Ledinukai HALLS, medaus ir citrinų skonio, 33.5 g",
    "price": "0.89",
    "price_2": null,
    "extra_info": "2 už 1,19€"
  },
  {
    "image_url": "https://cdn.barbora.lt/products/af3095d6-37e7-4719-8c28-424df88afaca_m.png",
    "title": "Aitriųjų paprikų dribsniai SANTA MARIA, 28 g",
    "price": "2.09",
    "price_2": null,
    "extra_info": "2 ar daugiau su –50%"
  },
  {
    "image_url": "https://cdn.barbora.lt/products/176efd1f-b627-4458-8312-f3aac3d238de_m.png",
    "title": "Konservuotos keptos pupelės pomidorų padaže WELL DONE, 400 g",
    "price": "1.01",
    "price_2": "2,53€/kg",
    "extra_info": "–25%"
  },
  {
    "image_url": "https://cdn.barbora.lt/products/c2b6a6ae-1fe1-4b49-a5d1-4d7d4738688a_m.png",
    "title": "Įvairių vaisių arbata WELL DONE, 40 g",
    "price": "2.29",
    "price_2": null,
    "extra_info": "2 ar daugiau su –25%"
  },
  {
    "image_url": "https://cdn.barbora.lt/products/8527564d-4371-4ec2-b09b-d748774e918e_m.png",
    "title": "Kakaviniai sausainiai OREO DOUBLE CREME, 157 g",
    "price": "1.49",
    "price_2": "9,49€/kg",
    "extra_info": "–40%"
  },
  {
    "image_url": "https://cdn.barbora.lt/products/4a24ad12-5a80-4c21-8692-7b39e9bcc786_m.png",
    "title": "Vanilinis plombyras KLASIKA su razinomis, 70 g",
    "price": "0.75",
    "price_2": "10,71€/kg",
    "extra_info": "–31%"
  },
  {
    "image_url": "https://cdn.barbora.lt/products/00bd344d-19a3-4478-9db1-73104894d8b2_m.png",
    "title": "Gr.paruoš.makaronai MAGGI su pad.(saldžiar.aitr.paprikų sk.), 75 g",
    "price": "1.31",
    "price_2": "17,47€/kg",
    "extra_info": "–40%"
  },
  {
    "image_url": "https://cdn.barbora.lt/products/40eb0786-c459-4f77-aec1-1cff48ecfd03_m.png",
    "title": "Bulvių traškučiai TAFFEL, grietinės ir svogūnų skonio, 130 g",
    "price": "1.04",
    "price_2": "8€/kg",
    "extra_info": "–50%"
  },
  {
    "image_url": "https://cdn.barbora.lt/products/63bea548-14a6-43cb-bcbf-e8685013779f_m.png",
    "title": "Bulvių traškučiai TAFFEL, grietinės ir svogūnų skonio, 180 g",
    "price": "1.29",
    "price_2": "7,17€/kg",
    "extra_info": "–50%"
  },
  {
    "image_url": "https://cdn.barbora.lt/products/653f090b-f5f4-409d-a421-8c425ef0603d_m.png",
    "title": "Vafliniai šiaudeliai su riešutų skonio įdaru MIO&RIO, 280 g",
    "price": "1.49",
    "price_2": null,
    "extra_info": "2 ar daugiau su –25%"
  },
  {
    "image_url": "https://cdn.barbora.lt/products/c0f031eb-7e11-4b03-a852-6a0d373fcae9_m.png",
    "title": "Lėtai virta višč. puselė HEAT & EAT su laukin. česnak., a.r., 1 kg",
    "price": "5.99",
    "price_2": "5,99€/kg",
    "extra_info": "–40%"
  },
  {
    "image_url": "https://cdn.barbora.lt/products/df40eedf-6679-45d2-bf9b-e90f7fd2690a_m.png",
    "title": "Dantų pasta COLGATE ADVANCED WHITE, 75 ml",
    "price": "3.49",
    "price_2": null,
    "extra_info": "2 ar daugiau su –40%"
  },
  {
    "image_url": "https://cdn.barbora.lt/products/7bc3a9aa-a316-4cff-8eb7-b4dc78400e14_m.png",
    "title": "Sausainiai SKARELĖS su avietėmis, 320 g",
    "price": "4.69",
    "price_2": null,
    "extra_info": "2 ar daugiau su –25%"
  },
  {
    "image_url": "https://cdn.barbora.lt/products/76312347-1d80-4359-99f1-8225c70d50cd_m.png",
    "title": "Šaldytos daržovės tempuroje MAHESO, 350 g",
    "price": "3.29",
    "price_2": "9,4€/kg",
    "extra_info": "–15%"
  },
  {
    "image_url": "https://cdn.barbora.lt/products/3e284eb8-bace-44a9-b51f-fd27af4c0144_m.png",
    "title": "Skutimosi putos NIVEA MEN SENSITIVE jautriai odai, 200 ml",
    "price": "2.69",
    "price_2": "13,45€/l",
    "extra_info": "–51%"
  },
  {
    "image_url": "https://cdn.barbora.lt/products/2f0ac0a3-ffa5-46bc-8950-720785e83655_m.png",
    "title": "Dantų pasta LACALUT SENSITIVE, 75ml",
    "price": "2.59",
    "price_2": "34,53€/l",
    "extra_info": "–35%"
  },
  {
    "image_url": "https://cdn.barbora.lt/products/88034c29-8005-4359-96d7-bf7850b6cf58_m.png",
    "title": "Vaflinis batonėlis KIT KAT CHUNKY, 40 g",
    "price": "1.19",
    "price_2": null,
    "extra_info": "2 ar daugiau su –25%"
  },
  {
    "image_url": "https://cdn.barbora.lt/products/27d4d12e-54ed-44a2-9e1f-8902fb9866eb_m.png",
    "title": "Dantų šepetėlis SENSODYNE DEEP CLEAN SOFT, 1 vnt.",
    "price": "3.89",
    "price_2": null,
    "extra_info": "2 ar daugiau su –40%"
  },
  {
    "image_url": "https://cdn.barbora.lt/products/3d40974e-b96f-4597-a761-11208c3006bb_m.png",
    "title": "Pjaustyta vytinta dešra ESPANA EXTRA, I r., 80 g",
    "price": "2.09",
    "price_2": null,
    "extra_info": "2 ar daugiau su –20%"
  },
  {
    "image_url": "https://cdn.barbora.lt/products/34932cf2-28b6-4221-bcfa-7931c4d2da2a_m.png",
    "title": "Vištienos padažas MAGGI, terijakio skonio, 65 g",
    "price": "0.83",
    "price_2": "12,77€/kg",
    "extra_info": "–40%"
  },
  {
    "image_url": "https://cdn.barbora.lt/products/f9f0fa1c-6f1b-449d-b0d8-e2e7a8b35d77_m.png",
    "title": "Dušo želė DOVE HYDRATE, 450 ml",
    "price": "3.79",
    "price_2": "8,42€/l",
    "extra_info": "–50%"
  },
  {
    "image_url": "https://cdn.barbora.lt/products/5b965994-6147-4e9a-871f-a8b3aa820516_m.png",
    "title": "Sviestinės vištienos padažas SANTA MARIA, 360 g",
    "price": "4.69",
    "price_2": null,
    "extra_info": "2 ar daugiau su –50%"
  },
  {
    "image_url": "https://cdn.barbora.lt/products/05fe00b4-cf17-4db9-bfd2-7e6333923dff_m.png",
    "title": "Troškinių prieskoniai SANTA MARIA, 40 g",
    "price": "1.09",
    "price_2": null,
    "extra_info": "2 ar daugiau su –50%"
  },
  {
    "image_url": "https://cdn.barbora.lt/products/fc442d4c-5842-41b2-bbd1-7218b8106afc_m.png",
    "title": "Žalioji arbata TWININGS PURE GREEN, 50 g",
    "price": "5.29",
    "price_2": null,
    "extra_info": "2 ar daugiau su –25%"
  },
  {
    "image_url": "https://cdn.barbora.lt/products/a7478331-d384-4eec-84f7-38079966803f_m.png",
    "title": "Dantų siūlas CLEANPIK EASY su laikikliu, 50 vnt.",
    "price": "1.89",
    "price_2": null,
    "extra_info": "2 ar daugiau su –40%"
  },
  {
    "image_url": "https://cdn.barbora.lt/products/db501e4d-643a-40b9-8ea1-2c530f8d7f4b_m.png",
    "title": "Vaisinė arbata ŽOLYNĖLIS su obuoliais ir spanguolėmis, 20 vnt.",
    "price": "2.49",
    "price_2": null,
    "extra_info": "2 ar daugiau su –25%"
  },
  {
    "image_url": "https://cdn.barbora.lt/products/d12c829d-f340-476c-9129-d9d0a496481f_m.png",
    "title": "Maži kakaviniai keksiukai MINI MUFFINS, 250 g",
    "price": "1.59",
    "price_2": null,
    "extra_info": "2 ar daugiau su –25%"
  },
  {
    "image_url": "https://cdn.barbora.lt/products/598e1e68-2264-4e7e-a96a-b2de81cdf70f_m.png",
    "title": "Dribsniai NESTLE LION WILDCRUSH, 360 g",
    "price": "2.81",
    "price_2": "7,81€/kg",
    "extra_info": "–40%"
  },
  {
    "image_url": "https://cdn.barbora.lt/products/7058c993-aa04-438c-b2de-eae4cb03846b_m.png",
    "title": "Plaukų balzamas SYOSS Keratin, 440 ml",
    "price": "7.49",
    "price_2": null,
    "extra_info": "2 ar daugiau su –40%"
  },
  {
    "image_url": "https://cdn.barbora.lt/products/158aaf18-590d-4a5e-8ec5-9596aa45119d_m.png",
    "title": "Vištienos sultinio kubeliai MAGGI, 80 g",
    "price": "0.47",
    "price_2": "5,88€/kg",
    "extra_info": "–41%"
  },
  {
    "image_url": "https://cdn.barbora.lt/products/71d65048-ecf5-4255-b681-6a260217ddca_m.png",
    "title": "Penkių rūšių pipirų mišinys SANTA MARIA, 25 g",
    "price": "1.69",
    "price_2": null,
    "extra_info": "2 ar daugiau su –50%"
  },
  {
    "image_url": "https://cdn.barbora.lt/products/22dedb30-c122-454c-9b70-0466d644d92e_m.png",
    "title": "Ypač tyras alyvuogių aliejus BASSO, 500 ml",
    "price": "5.21",
    "price_2": "10,42€/l",
    "extra_info": "–40%"
  },
  {
    "image_url": "https://cdn.barbora.lt/products/61b4d7b9-aa04-4826-b508-ca10be714d77_m.png",
    "title": "Kačių skanėstas DREAMIES su antiena, 60 g",
    "price": "1.95",
    "price_2": null,
    "extra_info": "2 už 1 kainą"
  },
  {
    "image_url": "https://cdn.barbora.lt/products/d61b790a-32aa-4159-8155-fdceade65cd4_m.png",
    "title": "Konservuotos pupelės BORLOTTI WELL DONE, 400 g",
    "price": "1.01",
    "price_2": "2,53€/kg",
    "extra_info": "–25%"
  },
  {
    "image_url": "https://cdn.barbora.lt/products/a5902277-3db2-429c-90bb-5ccaabfa5c0b_m.png",
    "title": "Labai rūgštūs guminukai ZOZOLE, braškių skonio, 75 g",
    "price": "0.79",
    "price_2": null,
    "extra_info": "2 už 1,09€"
  },
  {
    "image_url": "https://cdn.barbora.lt/products/9fae424c-4e00-4497-acb3-82c6eb78c138_m.png",
    "title": "Sojų gėrimas vanilės skonio ALPRO PLANTPROTEIN, 1 l",
    "price": "2.58",
    "price_2": "2,58€/l",
    "extra_info": "–30%"
  },
  {
    "image_url": "https://cdn.barbora.lt/products/7e1dc3e7-4e2d-4959-9b0d-900ac2d86aab_m.png",
    "title": "Ekologiškas jogurtas su mangais DOBILAS, 3,1 % rieb., 300 g",
    "price": "1.49",
    "price_2": "4,97€/kg",
    "extra_info": "–32%"
  },
  {
    "image_url": "https://cdn.barbora.lt/products/78a0cfff-13a5-4794-8ae7-18e8d21e7096_m.png",
    "title": "Šokoladinis sojų gėrimas ALPRO, 250 ml",
    "price": "0.97",
    "price_2": "3,88€/l",
    "extra_info": "–30%"
  },
  {
    "image_url": "https://cdn.barbora.lt/products/6eb5eff1-2476-4352-ba30-a83243966af0_m.png",
    "title": "Sausainiai BELVITA su grūdais, spanguolėmis ir razinomis, 250 g",
    "price": "3.99",
    "price_2": null,
    "extra_info": "2 ar daugiau su –25%"
  },
  {
    "image_url": "https://cdn.barbora.lt/products/ce151e40-2567-45d9-8667-944927363fa1_m.png",
    "title": "Aštrus majonezinis padažas WOWMAMA, 40 % rieb., 440 g",
    "price": "1.95",
    "price_2": "4,43€/kg",
    "extra_info": "–30%"
  },
  {
    "image_url": "https://cdn.barbora.lt/products/797d7e79-7419-4814-9f69-462b586bbbed_m.png",
    "title": "K. r. viščiukų broilerių sparneliai su kmynais, a. r., 400 g",
    "price": "2.99",
    "price_2": "7,48€/kg",
    "extra_info": "–30%"
  },
  {
    "image_url": "https://cdn.barbora.lt/products/f6e20f87-7b2e-49c8-8f8d-e320399e395f_m.png",
    "title": "Visų grūdo dalių sausainiai su šokoladu WASA, 270 g",
    "price": "3.99",
    "price_2": null,
    "extra_info": "2 ar daugiau su –25%"
  },
  {
    "image_url": "https://cdn.barbora.lt/products/ae960e57-e826-4d0a-89b9-ec39f49ac9e6_m.png",
    "title": "Juodieji pipirai SANTA MARIA TELLICHERRY PEPPER malūnėlyje, 70 g",
    "price": "6.89",
    "price_2": null,
    "extra_info": "2 ar daugiau su –50%"
  },
  {
    "image_url": "https://cdn.barbora.lt/products/d13ea01e-2b7d-48fe-bf2d-584d1098af00_m.png",
    "title": "Juodoji arbata DILMAH EARL GREY, 30 g",
    "price": "2.39",
    "price_2": null,
    "extra_info": "2 ar daugiau su –25%"
  },
  {
    "image_url": "https://cdn.barbora.lt/products/103d83b1-90b1-489f-9557-b0e675fa04ed_m.png",
    "title": "Universalieji prieskoniai VEGETA NATUR, 300 g",
    "price": "3.69",
    "price_2": null,
    "extra_info": "2 ar daugiau su –40%"
  },
  {
    "image_url": "https://cdn.barbora.lt/products/8c8fafb7-a80c-4ecd-8df2-2bc8c2cffc55_m.png",
    "title": "Sausainiai MIO&RIO su kakavos įdaru, 500 g",
    "price": "2.45",
    "price_2": null,
    "extra_info": "2 ar daugiau su –25%"
  },
  {
    "image_url": "https://cdn.barbora.lt/products/69075206-0adb-498c-83ec-4b2e300bc516_m.png",
    "title": "Džiovinti apelsinų kubeliai be pridėtinio cukraus FRUNICA, 200 g",
    "price": "2.59",
    "price_2": "12,95€/kg",
    "extra_info": "–41%"
  },
  {
    "image_url": "https://cdn.barbora.lt/products/591636a9-e0b4-4571-9906-a2578c350849_m.png",
    "title": "Paukštienos priesk  Vegeta, 20 g",
    "price": "0.69",
    "price_2": null,
    "extra_info": "2 ar daugiau su –40%"
  },
  {
    "image_url": "https://cdn.barbora.lt/products/802eb422-7943-4300-90e8-bf8ba3602163_m.png",
    "title": "SKANDINAVIŠKA silkių filė EDEGA, 500 g",
    "price": "2.99",
    "price_2": "5,98€/kg",
    "extra_info": "–23%"
  },
  {
    "image_url": "https://cdn.barbora.lt/products/379ba3e3-e00b-437a-b6e0-3d38c966eb01_m.png",
    "title": "Kūdikių prausiklis SEBAMED, 400 ml",
    "price": "13.29",
    "price_2": null,
    "extra_info": "2 ar daugiau su –40%"
  },
  {
    "image_url": "https://cdn.barbora.lt/products/62ecfe4b-c716-464a-9da3-1bb0cd796ccb_m.png",
    "title": "Granola su riešutais BONA VITA, 500 g",
    "price": "3.74",
    "price_2": "7,48€/kg",
    "extra_info": "–25%"
  },
  {
    "image_url": "https://cdn.barbora.lt/products/423fce89-ead5-4521-9eb2-e8d7b4db2ef2_m.png",
    "title": "Eko.vištienos sultinys NATUR COMPAGNIE be cukraus,be mielių, 80 g",
    "price": "2.49",
    "price_2": "31,13€/kg",
    "extra_info": "–29%"
  },
  {
    "image_url": "https://cdn.barbora.lt/products/6caf3a7f-16ed-4270-a2a6-4e5b64941cd3_m.png",
    "title": "Skalbiamieji milteliai NEUTRAL WHITE (18 skalbimų), 1.19 kg",
    "price": "4.95",
    "price_2": "4,17€/kg",
    "extra_info": "–40%"
  },
  {
    "image_url": "https://cdn.barbora.lt/products/bcab4a7f-c9ef-44ac-877e-df467de87cf1_m.png",
    "title": "Migdoliniai sausainiai BEGGININGS su apelsinais, 80 g",
    "price": "2.24",
    "price_2": "28€/kg",
    "extra_info": "–25%"
  },
  {
    "image_url": "https://cdn.barbora.lt/products/767fa147-89cc-421b-a806-0e1bcb25df1a_m.png",
    "title": "Greitai paruoš.makar.MAGGI su padažu (višt.ir sezamų sk.), 75 g",
    "price": "1.31",
    "price_2": "17,47€/kg",
    "extra_info": "–40%"
  },
  {
    "image_url": "https://cdn.barbora.lt/products/205ad37f-0696-4fba-a079-93f04259598d_m.png",
    "title": "Karamelinis pieno gėrimas TOFFEE MIAU, 2,3 % rieb., sterilizuotas, 450 ml",
    "price": "1.19",
    "price_2": "2,65€/l",
    "extra_info": "–32%"
  },
  {
    "image_url": "https://cdn.barbora.lt/products/31755e4a-30e7-4af6-9e82-914bbbf252b5_m.png",
    "title": "Makaronų padažas PAD THAI MAGGI, 65 g",
    "price": "0.83",
    "price_2": "12,77€/kg",
    "extra_info": "–40%"
  },
  {
    "image_url": "https://cdn.barbora.lt/products/8cd443d8-0ff4-41de-8e78-86f3b87d9dc9_m.png",
    "title": "Pusryčių dribsniai KITKAT NESTLE, 550 g, 550 g",
    "price": "3.83",
    "price_2": "6,96€/kg",
    "extra_info": "–40%"
  },
  {
    "image_url": "https://cdn.barbora.lt/products/6e77466b-bd1f-4757-8700-74ffd41b33f3_m.png",
    "title": "Vafliukai SELGA, šokolado skonio, 250 g",
    "price": "3.59",
    "price_2": null,
    "extra_info": "2 ar daugiau su –25%"
  },
  {
    "image_url": "https://cdn.barbora.lt/products/b85b6f63-bc1e-4141-ae38-94cfb76e72f0_m.png",
    "title": "Konservuotas šunų ėdalas LOVETT su jautiena, 1.25 kg",
    "price": "1.39",
    "price_2": "1,11€/kg",
    "extra_info": "–30%"
  },
  {
    "image_url": "https://cdn.barbora.lt/products/ac908049-6eda-47b8-8e95-b16cb4e591ca_m.png",
    "title": "GARLIAVOS DUONOS sausainiai VYŠNAITĖ, 300 g",
    "price": "3.69",
    "price_2": null,
    "extra_info": "2 ar daugiau su –25%"
  },
  {
    "image_url": "https://cdn.barbora.lt/products/8032f292-1ece-4967-9db0-c8a95eb0af02_m.png",
    "title": "Skalbiamasis gelis PERSIL COLOR, 22 skalb., 990 ml",
    "price": "5.29",
    "price_2": "5,34€/l",
    "extra_info": "–40%"
  },
  {
    "image_url": "https://cdn.barbora.lt/products/1f7ea795-42cf-4d63-83eb-7bbdd3764d0e_m.png",
    "title": "Virtas KLEBONIŠKAS vištienos vyniotinis, I r., 330 g",
    "price": "2.99",
    "price_2": "9,06€/kg",
    "extra_info": "–25%"
  },
  {
    "image_url": "https://cdn.barbora.lt/products/27552a7a-ddf9-4f34-99f4-9cd9747daf1f_m.png",
    "title": "Sultinys MAGGI THAI, 8 kubeliai, 80 g",
    "price": "1.01",
    "price_2": "12,63€/kg",
    "extra_info": "–40%"
  },
  {
    "image_url": "https://cdn.barbora.lt/products/db78075d-8b33-42df-81d8-2200e7ac66f2_m.png",
    "title": "Karštai rūkyta BAJORŲ šoninės kapotinė, I r., 280 g",
    "price": "1.29",
    "price_2": "4,61€/kg",
    "extra_info": "–41%"
  },
  {
    "image_url": "https://cdn.barbora.lt/products/443e98a5-7738-449b-ae9e-2ac92d6938ab_m.png",
    "title": "Skystojo muilo papildymas DOVE CUCUMBER, 500 ml",
    "price": "2.39",
    "price_2": "4,78€/l",
    "extra_info": "–50%"
  },
  {
    "image_url": "https://cdn.barbora.lt/products/f22dc3ab-4a86-494c-b789-6402886cc8bd_m.png",
    "title": "Sausainiai RIEŠUTĖLIAI, 0.25 kg",
    "price": "2.59",
    "price_2": null,
    "extra_info": "2 ar daugiau su –25%"
  },
  {
    "image_url": "https://cdn.barbora.lt/products/0b086f34-569e-4770-b9ba-0849ea94d3e1_m.png",
    "title": "Valg. ekol. jogurtas DOBILAS su anan., persik., 3,1 % rieb., 300 g",
    "price": "1.49",
    "price_2": "4,97€/kg",
    "extra_info": "–32%"
  },
  {
    "image_url": "https://cdn.barbora.lt/products/137dac84-f8d8-425b-b4a3-beeca131519a_m.png",
    "title": "Greitai paruošiami makaronai MAGGI (jautienos skonio), 59.2 g",
    "price": "0.47",
    "price_2": "7,94€/kg",
    "extra_info": "–41%"
  },
  {
    "image_url": "https://cdn.barbora.lt/products/9f1ee265-19da-401b-bdba-210f2ffeb5bd_m.png",
    "title": "Konservuotas kačių ėdalas LOVETT steriliz. katėms, 4 x 100 g, 400 g",
    "price": "1.25",
    "price_2": "3,13€/kg",
    "extra_info": "–30%"
  },
  {
    "image_url": "https://cdn.barbora.lt/products/d1774089-e274-4857-9a0a-4204d07bfe62_m.png",
    "title": "Konservuotas šunų ėdalas LOVETT su aviena ir jautiena, 400 g",
    "price": "1.32",
    "price_2": "3,3€/kg",
    "extra_info": "–30%"
  },
  {
    "image_url": "https://cdn.barbora.lt/products/3e4481db-6ffb-41ab-8792-b99faafd7b56_m.png",
    "title": "Pusryčių dribsniai NESTLE FITNESS su medumi, 310 g, 310 g",
    "price": "2.39",
    "price_2": "7,71€/kg",
    "extra_info": "–40%"
  },
  {
    "image_url": "https://cdn.barbora.lt/products/9da62c15-bc84-4c64-b216-b8ff4fdac3a0_m.png",
    "title": "Vytinta pjaustyta kiaulienos nugarinė, a. r., 1 kg",
    "price": "35.99",
    "price_2": null,
    "extra_info": "2 ar daugiau su –20%"
  },
  {
    "image_url": "https://cdn.barbora.lt/products/e90705b7-4198-49e7-aa20-1818653a562d_m.png",
    "title": "Plaukų šampūnas HEAD&SHOULDERS Classic Clean, 400 ml",
    "price": "8.49",
    "price_2": null,
    "extra_info": "2 ar daugiau su –40%"
  },
  {
    "image_url": "https://cdn.barbora.lt/products/6292ef35-0e0c-4624-b5ae-6f31945bbf17_m.png",
    "title": "Šaltai rūkytas ČESNAKINIS saliamis, II r., 230 g",
    "price": "2.39",
    "price_2": "10,39€/kg",
    "extra_info": "–40%"
  },
  {
    "image_url": "https://cdn.barbora.lt/products/c0d21e4a-450b-4c1d-b7c7-19b5e8f847e7_m.png",
    "title": "Prieskonių mišinys SANTA MARIA TOM KHA sriubai virti, 30 g",
    "price": "1.59",
    "price_2": null,
    "extra_info": "2 ar daugiau su –50%"
  },
  {
    "image_url": "https://cdn.barbora.lt/products/8df76e50-a6e3-4847-9b68-8147138776fa_m.png",
    "title": "Moteriškos kojinaitės SPARTA, 1 vnt., 36-41 dydis",
    "price": "1.89",
    "price_2": "1,89€/vnt.",
    "extra_info": "–50%"
  },
  {
    "image_url": "https://cdn.barbora.lt/products/c5d58ce4-78c1-4b4c-92f8-6f6078c0df1d_m.png",
    "title": "Žuvų prieskoniai VEGETA, 20 g",
    "price": "0.69",
    "price_2": null,
    "extra_info": "2 ar daugiau su –40%"
  },
  {
    "image_url": "https://cdn.barbora.lt/products/2c246234-d5c1-47df-bb05-2ae0b5044f1c_m.png",
    "title": "Burnos skalavimo skystis NIDA su pipirmėčių aliejumi, 500 ml",
    "price": "3.29",
    "price_2": null,
    "extra_info": "2 ar daugiau su –40%"
  },
  {
    "image_url": "https://cdn.barbora.lt/products/0b8a7a2d-95e3-41e5-8b3a-a93bf4a9a831_m.png",
    "title": "Vaisinė arbata LOYD su avietėmis ir citrinomis, 40 g",
    "price": "2.99",
    "price_2": null,
    "extra_info": "2 ar daugiau su –25%"
  },
  {
    "image_url": "https://cdn.barbora.lt/products/220db5ad-3b1a-483b-ac97-d0739aea95c0_m.png",
    "title": "Sausai brandintas jautienos antrekotas BIOVELA, 220 g",
    "price": "6.99",
    "price_2": "31,77€/kg",
    "extra_info": "–30%"
  },
  {
    "image_url": "https://cdn.barbora.lt/products/674ba93f-0047-452e-bb79-4394a67d18bc_m.png",
    "title": "Vištienos šašlykas FIESTA pipiriniame marinate, 680 g",
    "price": "4.49",
    "price_2": "6,6€/kg",
    "extra_info": "–31%"
  },
  {
    "image_url": "https://cdn.barbora.lt/products/d12a6702-c685-4b20-98c2-3c289529c2b5_m.png",
    "title": "Prieskoniai VEGETA, 500 g",
    "price": "3.99",
    "price_2": null,
    "extra_info": "2 ar daugiau su –40%"
  },
  {
    "image_url": "https://cdn.barbora.lt/products/ba845641-231a-4db6-840b-431394a79085_m.png",
    "title": "Maltos mėsos prieskoniai SANTA MARIA, 30 g",
    "price": "0.99",
    "price_2": null,
    "extra_info": "2 ar daugiau su –50%"
  },
  {
    "image_url": "https://cdn.barbora.lt/products/df24836f-465c-4736-a85d-489341740585_m.png",
    "title": "Citrinpipiriai SANTA MARIA, 55 g",
    "price": "2.29",
    "price_2": null,
    "extra_info": "2 ar daugiau su –50%"
  },
  {
    "image_url": "https://cdn.barbora.lt/products/000f9b57-4151-4a9b-8228-81a549bb44f2_m.png",
    "title": "Vanilinis plombyras KLASIKA VANILLA, 65 g",
    "price": "0.75",
    "price_2": "11,54€/kg",
    "extra_info": "–31%"
  },
  {
    "image_url": "https://cdn.barbora.lt/products/a100b228-9f3c-48b0-b716-6bf583bfc0bd_m.png",
    "title": "Sausainiai BELVITA NUTS & HONEY su riešutais ir medumi, 300 g",
    "price": "3.79",
    "price_2": null,
    "extra_info": "2 ar daugiau su –25%"
  },
  {
    "image_url": "https://cdn.barbora.lt/products/70e1e075-739b-49e4-bc7c-77396bc1d9c2_m.png",
    "title": "Javų dribsniai NESTLE LION, 600 g",
    "price": "3.59",
    "price_2": "5,98€/kg",
    "extra_info": "–40%"
  },
  {
    "image_url": "https://cdn.barbora.lt/products/3841a8ef-215f-4cfd-bd56-ffb7d9473f87_m.png",
    "title": "Išrūgų baltymai GYMON, 1 kg",
    "price": "21.19",
    "price_2": "21,19€/kg",
    "extra_info": "–20%"
  },
  {
    "image_url": "https://cdn.barbora.lt/products/02989603-0050-4c8e-b691-373eba3f0209_m.png",
    "title": "Juodoji arbata ETNO ŠRI LANKA, 40 g",
    "price": "1.99",
    "price_2": null,
    "extra_info": "2 ar daugiau su –25%"
  },
  {
    "image_url": "https://cdn.barbora.lt/products/b5a3dbdd-19d7-4ba8-a25d-b6de9717f870_m.png",
    "title": "Milteliai ACORUS BALANCE FIBER SLIM DETOX, 300 g",
    "price": "5.99",
    "price_2": "19,96€/kg",
    "extra_info": "–37%"
  },
  {
    "image_url": "https://cdn.barbora.lt/products/dbd56c5e-7dc4-4254-85f4-82686a394ab7_m.png",
    "title": "Majonezinis padažas WOWMAMA CURRY MANGO, 30,7 % rieb., 450 g",
    "price": "1.95",
    "price_2": "4,33€/kg",
    "extra_info": "–30%"
  },
  {
    "image_url": "https://cdn.barbora.lt/products/6c3dceea-08f0-42ef-ac06-e744662af4b8_m.png",
    "title": "ECODENTA KAKĖ MAKĖ Minkštas dantų šepetėlis vaikams, 3-7 m.",
    "price": "3.99",
    "price_2": null,
    "extra_info": "2 ar daugiau su –40%"
  },
  {
    "image_url": "https://cdn.barbora.lt/products/74e6b1a3-524a-42bf-896e-89e46ddc2060_m.png",
    "title": "Indukcinės kaitlentės valiklis KH-7, 750 ml",
    "price": "4.59",
    "price_2": "6,12€/l",
    "extra_info": "–40%"
  },
  {
    "image_url": "https://cdn.barbora.lt/products/b6ab5fa7-ee41-4ba1-a92b-5f805bc790d8_m.png",
    "title": "Biri juodoji arbata TWININGS EARL GREY TEA, 100 g",
    "price": "6.29",
    "price_2": null,
    "extra_info": "2 ar daugiau su –25%"
  },
  {
    "image_url": "https://cdn.barbora.lt/products/73101831-1688-49f0-a5a7-ca8c70ae390b_m.png",
    "title": "Juodoji arbata DILMAH, citrinų skonio, 30 g",
    "price": "2.39",
    "price_2": null,
    "extra_info": "2 ar daugiau su –25%"
  },
  {
    "image_url": "https://cdn.barbora.lt/products/929b8a40-9a8e-4998-a7d1-b4dcceacf41d_m.png",
    "title": "Mėsos prieskoniai SANTA MARIA, 290 g",
    "price": "5.49",
    "price_2": null,
    "extra_info": "2 ar daugiau su –50%"
  },
  {
    "image_url": "https://cdn.barbora.lt/products/1670524b-b5a6-468e-aab3-19a6ebad710d_m.png",
    "title": "Sviestiniai sausainiai LEIBNIZ MINIS, 100 g",
    "price": "1.69",
    "price_2": null,
    "extra_info": "2 ar daugiau su –25%"
  },
  {
    "image_url": "https://cdn.barbora.lt/products/1a73e68e-0320-4b8b-b550-01f5acab2008_m.png",
    "title": "Pipirmėčių arbata EXTRA LINE, 30 g",
    "price": "0.39",
    "price_2": null,
    "extra_info": "2 ar daugiau su –25%"
  },
  {
    "image_url": "https://cdn.barbora.lt/products/be121fe8-b5dd-4861-9e7b-d8757c43cc95_m.png",
    "title": "Plaukų lakas NIVEA, 250 ml",
    "price": "3.59",
    "price_2": "14,36€/l",
    "extra_info": "–50%"
  },
  {
    "image_url": "https://cdn.barbora.lt/products/ebf51304-d789-4315-a5db-4cb85a6b3236_m.png",
    "title": "Moteriškas purškiamasis dezodorantas REXONA FRAGRANCE SEXY, 150 ml",
    "price": "2.09",
    "price_2": "13,93€/l",
    "extra_info": "–51%"
  },
  {
    "image_url": "https://cdn.barbora.lt/products/30774318-6487-4d29-acf7-25069568a7b7_m.png",
    "title": "Kūno prausiklis-šampūnas WELEDA KIDS 2 IN 1 (apelsinų kv.), 150 ml",
    "price": "9.99",
    "price_2": null,
    "extra_info": "2 ar daugiau su –40%"
  },
  {
    "image_url": "https://cdn.barbora.lt/products/59f36a83-eef2-4153-8c43-f1f5e15aba2e_m.png",
    "title": "Mėtų su šaltalankiais arbata GAMTOS GURKŠNIS, 20 vnt.",
    "price": "1.29",
    "price_2": null,
    "extra_info": "2 ar daugiau su –25%"
  },
  {
    "image_url": "https://cdn.barbora.lt/products/c2d8c2b0-80b1-48b8-975f-502596e504f2_m.png",
    "title": "Vištienos iešmeliai FIESTA su graikišku marinatu, 480 g",
    "price": "4.79",
    "price_2": "9,98€/kg",
    "extra_info": "–20%"
  },
  {
    "image_url": "https://cdn.barbora.lt/products/21a984cc-abb8-4df0-b753-26ca648f86b8_m.png",
    "title": "GARLIAVOS DUONOS sausainiai ZEBRIUKAI, 300 g",
    "price": "2.45",
    "price_2": null,
    "extra_info": "2 ar daugiau su –25%"
  },
  {
    "image_url": "https://cdn.barbora.lt/products/1eac8479-496a-4616-86b8-a3eba4211146_m.png",
    "title": "Majonezinis padažas WOWMAMA su sūriu, 40 % rieb., 430 g",
    "price": "1.95",
    "price_2": "4,54€/kg",
    "extra_info": "–30%"
  },
  {
    "image_url": "https://cdn.barbora.lt/products/ecc8d6d4-a2a0-4f6b-8e8f-63f6d03dc6cc_m.png",
    "title": "Keptas kepenėlių kapotinis su slyvomis ir spanguol., a. r., 400 g",
    "price": "3.09",
    "price_2": "7,73€/kg",
    "extra_info": "–31%"
  },
  {
    "image_url": "https://cdn.barbora.lt/products/76887a12-7b98-408c-ac80-852e4efe5b4a_m.png",
    "title": "Juodoji arbata TWININGS ENGLISH BREAKFAST, 50 g",
    "price": "5.29",
    "price_2": null,
    "extra_info": "2 ar daugiau su –25%"
  },
  {
    "image_url": "https://cdn.barbora.lt/products/e5052703-dd27-4632-8ebc-5cd9b6517ee0_m.png",
    "title": "NIVEA Dušo želė WATER LILY & OIL, 250 ml",
    "price": "2.09",
    "price_2": "8,36€/l",
    "extra_info": "–50%"
  },
  {
    "image_url": "https://cdn.barbora.lt/products/275de41f-e31a-43a7-b5de-46b97d9a91a8_m.png",
    "title": "ŽOLYNĖLIO žolelių arbata ČIOBRELIŲ ŽOLĖ, 50 g",
    "price": "1.49",
    "price_2": null,
    "extra_info": "2 ar daugiau su –25%"
  },
  {
    "image_url": "https://cdn.barbora.lt/products/02a0e7c1-130a-4f9c-a524-a668f7e62a70_m.png",
    "title": "ECODENTA gaivinamoji dantų pasta nuo apnašų su spanguolių ekstraktu 100 ml",
    "price": "3.65",
    "price_2": null,
    "extra_info": "2 ar daugiau su –40%"
  },
  {
    "image_url": "https://cdn.barbora.lt/products/4eb8b1bf-e7de-4c3e-b115-9ac0636cbc59_m.png",
    "title": "ŽOLYNĖLIO SUVALKIJOS žolelių arbata, 40 g",
    "price": "1.89",
    "price_2": null,
    "extra_info": "2 ar daugiau su –25%"
  },
  {
    "image_url": "https://cdn.barbora.lt/products/42eebffe-68b6-49b1-9c44-5744ca8e4969_m.png",
    "title": "Kukurūzų dribsniai BONA VITA, 1000 g",
    "price": "2.91",
    "price_2": "2,91€/kg",
    "extra_info": "–25%"
  },
  {
    "image_url": "https://cdn.barbora.lt/products/9a95b61c-6a6f-48c3-bf2f-30827b70d60b_m.png",
    "title": "Dantų pasta BLEND A MED 3D WHITE, 75ml",
    "price": "2.79",
    "price_2": null,
    "extra_info": "2 ar daugiau su –40%"
  },
  {
    "image_url": "https://cdn.barbora.lt/products/87a80fac-77f1-4fa7-9ebe-c7ab00602fab_m.png",
    "title": "Šokoladinis batonėlis LION, 42 g",
    "price": "0.89",
    "price_2": null,
    "extra_info": "2 ar daugiau su –25%"
  },
  {
    "image_url": "https://cdn.barbora.lt/products/f0cf18cd-06c9-4a45-bc49-a4515c333c5f_m.png",
    "title": "Virta SAMSONO kumpio dešra, A. r., 200 g",
    "price": "2.49",
    "price_2": null,
    "extra_info": "2 ar daugiau su –20%"
  },
  {
    "image_url": "https://cdn.barbora.lt/products/b21b836e-10c4-4762-b25c-a042da129ff0_m.png",
    "title": "Saldus aitriųjų paprikų marinatas SANTA MARIA, 75 g",
    "price": "0.95",
    "price_2": null,
    "extra_info": "2 ar daugiau su –50%"
  },
  {
    "image_url": "https://cdn.barbora.lt/products/03c789b1-0d2e-4315-bfa6-9e7fdedfb5b4_m.png",
    "title": "Vaflinis batonėlis KINDER BUENO su baltuoju šokoladu, 39 g",
    "price": "1.29",
    "price_2": null,
    "extra_info": "2 ar daugiau su –25%"
  },
  {
    "image_url": "https://cdn.barbora.lt/products/71c4057f-6d43-45f9-bd62-672b97b6869b_m.png",
    "title": "NIVEA Dušo želė vyrams ACTIVE CLEAN, 500 ml",
    "price": "3.39",
    "price_2": "6,78€/l",
    "extra_info": "–51%"
  },
  {
    "image_url": "https://cdn.barbora.lt/products/57b8554d-329f-4794-8cb0-365f75462ffb_m.png",
    "title": "Karis SANTA MARIA, 34 g",
    "price": "1.69",
    "price_2": null,
    "extra_info": "2 ar daugiau su –50%"
  },
  {
    "image_url": "https://cdn.barbora.lt/products/3382109b-2873-46a6-849f-5ba58c8a0888_m.png",
    "title": "Raudonėliai SANTA MARIA, 5 g",
    "price": "1.59",
    "price_2": null,
    "extra_info": "2 ar daugiau su –50%"
  },
  {
    "image_url": "https://cdn.barbora.lt/products/88d96ede-bd0a-456e-b9ad-275c517bb31b_m.png",
    "title": "Sausainiai GAIDELIS KARAMELĖ, 160 g",
    "price": "0.85",
    "price_2": null,
    "extra_info": "2 ar daugiau su –25%"
  },
  {
    "image_url": "https://cdn.barbora.lt/products/e6319ce4-fb4e-4562-8d26-387c80cb2e40_m.png",
    "title": "Konservuotas kačių ėdalas LOVETT MIX, 4 x 100 g, 400 g",
    "price": "1.25",
    "price_2": "3,13€/kg",
    "extra_info": "–30%"
  },
  {
    "image_url": "https://cdn.barbora.lt/products/cc93eb67-45df-4838-ba53-f8ce1a93f122_m.png",
    "title": "Indų ploviklis L'ARBRE VERT su žaliosiomis citrinomis, 500 ml",
    "price": "1.59",
    "price_2": "3,18€/l",
    "extra_info": "–40%"
  },
  {
    "image_url": "https://cdn.barbora.lt/products/040bd89e-7afb-4905-a10e-d898d0f81916_m.png",
    "title": "Vytintas itališkas jautienos karpačas BREASOLA, nerūš., 70 g",
    "price": "3.19",
    "price_2": "45,57€/kg",
    "extra_info": "–26%"
  },
  {
    "image_url": "https://cdn.barbora.lt/products/1f17d521-aae0-47ab-a664-799d6b2dec9f_m.png",
    "title": "NIVEA® 2in1 Express šampūnas ir kondicionierius, 250 ml",
    "price": "2.39",
    "price_2": "9,56€/l",
    "extra_info": "–50%"
  },
  {
    "image_url": "https://cdn.barbora.lt/products/a2557226-455c-4486-b01d-cfdf51dee95e_m.png",
    "title": "Sausas plaukų šampūnas SYOSS ANTI-GREASE, 200 ml",
    "price": "8.49",
    "price_2": null,
    "extra_info": "2 ar daugiau su –40%"
  },
  {
    "image_url": "https://cdn.barbora.lt/products/ed08d658-490e-4955-8343-2f8a76e0de97_m.png",
    "title": "Senoviniai riestainiai, 350 g",
    "price": "1.89",
    "price_2": null,
    "extra_info": "2 ar daugiau su –25%"
  },
  {
    "image_url": "https://cdn.barbora.lt/products/8e672c7c-1301-4bf1-aae2-a5f82a7a9ab6_m.png",
    "title": "Saldus aitriųjų paprikų padažas SANTA MARIA, 500 ml",
    "price": "3.29",
    "price_2": null,
    "extra_info": "2 ar daugiau su –50%"
  },
  {
    "image_url": "https://cdn.barbora.lt/products/a3825102-95c7-4147-a0d1-fb157d4b623d_m.png",
    "title": "Ekologiški speltos sausainiai ALCE NERO (kūd. nuo 6 mėn.), 250 g",
    "price": "4.89",
    "price_2": null,
    "extra_info": "2 ar daugiau su –25%"
  },
  {
    "image_url": "https://cdn.barbora.lt/products/80e07a1c-1bd0-48ad-a943-fc2a7d542129_m.png",
    "title": "NIVEA COCOA BUTTER kūno kremas sausai odai su kakavos sviestu ir vitaminu E, 250 ml",
    "price": "4.09",
    "price_2": "16,36€/l",
    "extra_info": "–50%"
  },
  {
    "image_url": "https://cdn.barbora.lt/products/87e14ab2-3d9a-4529-9db3-f75023092490_m.png",
    "title": "Čiobrelių arbata EXTRA LINE, 30 g",
    "price": "0.39",
    "price_2": null,
    "extra_info": "2 ar daugiau su –25%"
  },
  {
    "image_url": "https://cdn.barbora.lt/products/146ea612-c1ed-47f2-9bd4-ada1c4d59948_m.png",
    "title": "Bulvių traškučiai TAFFEL, svogūnų skonio, 130 g",
    "price": "1.04",
    "price_2": "8€/kg",
    "extra_info": "–50%"
  },
  {
    "image_url": "https://cdn.barbora.lt/products/5d1c6e9d-96fd-406c-a39a-e8e474c539ac_m.png",
    "title": "Ekologiškas kokosų žiedų cukrus AMRITA, 400 g",
    "price": "3.49",
    "price_2": "8,73€/kg",
    "extra_info": "–36%"
  },
  {
    "image_url": "https://cdn.barbora.lt/products/c2e02249-37d6-45a5-9d18-c5a400cfa2b1_m.png",
    "title": "Austrių padažas SANTA MARIA THAILAND, 200 ml",
    "price": "3.29",
    "price_2": null,
    "extra_info": "2 ar daugiau su –50%"
  },
  {
    "image_url": "https://cdn.barbora.lt/products/3f11134a-f2f7-4b50-a5f0-3cb34ec914d5_m.png",
    "title": "Vafliai SELGA, citrinų skonio, 180 g",
    "price": "1.59",
    "price_2": null,
    "extra_info": "2 ar daugiau su –25%"
  },
  {
    "image_url": "https://cdn.barbora.lt/products/f39fd299-b1a4-41f4-842a-f5d074adba51_m.png",
    "title": "Skystojo muilo papildymas DOVE ORIGINAL, 500 ml",
    "price": "2.39",
    "price_2": "4,78€/l",
    "extra_info": "–50%"
  },
  {
    "image_url": "https://cdn.barbora.lt/products/c76984d4-83fa-40e3-b9d8-bbbde7772272_m.png",
    "title": "Kukurūzų traškučiai su sūriu SANTA MARIA, 185 g",
    "price": "2.59",
    "price_2": null,
    "extra_info": "2 ar daugiau su –50%"
  },
  {
    "image_url": "https://cdn.barbora.lt/products/faa9a680-9acd-4f99-8802-97e73cd30c49_m.png",
    "title": "Arbata su braškėmis ir vanile ETNO KAKĖ MAKĖ, 30 g",
    "price": "2.39",
    "price_2": null,
    "extra_info": "2 ar daugiau su –25%"
  },
  {
    "image_url": "https://cdn.barbora.lt/products/eb067c43-18ce-49cf-a18f-5636b2cbe3be_m.png",
    "title": "Ramunėlių su mėlynėmis arbata GAMTOS GURKŠNIS, 20 vnt.",
    "price": "1.29",
    "price_2": null,
    "extra_info": "2 ar daugiau su –25%"
  },
  {
    "image_url": "https://cdn.barbora.lt/products/0bdf729e-7fcf-438a-8c5f-bb17e1078638_m.png",
    "title": "ECODENTA daugiafunkcis burnos skalavimo skystis su šalavijų, alavijų ekstraktais ir mėtų aliejumi 500 ml",
    "price": "5.55",
    "price_2": null,
    "extra_info": "2 ar daugiau su –40%"
  },
  {
    "image_url": "https://cdn.barbora.lt/products/fc5f4452-d90a-45f5-8be1-12c94c972bdb_m.png",
    "title": "Augalinės kilmės gaminys GOURMENT GREEN, gaudos sūrio sk., 150 g",
    "price": "1.59",
    "price_2": "10,6€/kg",
    "extra_info": "–20%"
  },
  {
    "image_url": "https://cdn.barbora.lt/products/da43a7f9-d752-4395-b968-9ece7a071672_m.png",
    "title": "Silkių filė aliejuje PAMARIO GARDŽIOJI, 300 g",
    "price": "2.09",
    "price_2": "6,97€/kg",
    "extra_info": "–22%"
  },
  {
    "image_url": "https://cdn.barbora.lt/products/84a34359-7bcc-4254-8a7a-cac1b1873fe9_m.png",
    "title": "Majonezinis padažas WOWMAMA su grybais, 40 % rieb., 420 g",
    "price": "1.95",
    "price_2": "4,64€/kg",
    "extra_info": "–30%"
  },
  {
    "image_url": "https://cdn.barbora.lt/products/7eef81f5-2ce5-40e0-8551-7ee4749fde8c_m.png",
    "title": "Juodoji Ceilono arbata IMPRA EARL GREY, 100 g",
    "price": "3.29",
    "price_2": null,
    "extra_info": "2 ar daugiau su –25%"
  },
  {
    "image_url": "https://cdn.barbora.lt/products/78d489f3-9b9b-4e78-885b-1fbfa5c65381_m.png",
    "title": "Sausai brandinta jautienos nugarinė BIOVELA, 220 g",
    "price": "6.99",
    "price_2": "31,78€/kg",
    "extra_info": "–26%"
  },
  {
    "image_url": "https://cdn.barbora.lt/products/8bcc922f-8ab2-4b96-92a0-5a9226f99389_m.png",
    "title": "Skalbiamasis gelis PERSIL ACTIVE, 44 skalb., 1.98 l",
    "price": "9.59",
    "price_2": "4,85€/l",
    "extra_info": "–40%"
  },
  {
    "image_url": "https://cdn.barbora.lt/products/16ac6d45-5808-4348-888a-7fb8e6347e11_m.png",
    "title": "Duonelės skrudinti FAZER STREET FOOD, 330 g",
    "price": "2.39",
    "price_2": "7,24€/kg",
    "extra_info": "–20%"
  },
  {
    "image_url": "https://cdn.barbora.lt/products/92ccf673-5eef-4832-9a1c-51fcc74024d5_m.png",
    "title": "Keptas saldaus pieno sūris, 25 % rieb., 1 kg",
    "price": "13.09",
    "price_2": "13,09€/kg",
    "extra_info": "–10%"
  },
  {
    "image_url": "https://cdn.barbora.lt/products/797d0bf5-e476-4490-9892-0b23fd07d1fc_m.png",
    "title": "Prieskonių mišinys FAJITA MAGGI AIR FRYER, 27 g",
    "price": "0.89",
    "price_2": "32,97€/kg",
    "extra_info": "–40%"
  },
  {
    "image_url": "https://cdn.barbora.lt/products/29c2b886-d942-478d-90f2-48cd44282fa4_m.png",
    "title": "Karameliniai vafliai B&C, 325 g",
    "price": "2.79",
    "price_2": null,
    "extra_info": "2 ar daugiau su –25%"
  },
  {
    "image_url": "https://cdn.barbora.lt/products/b2bed79e-02cb-43a4-9a43-186bc21bbb46_m.png",
    "title": "Buritų prieskonių mišinys SANTA MARIA TEX MEX, 28 g",
    "price": "1.29",
    "price_2": null,
    "extra_info": "2 ar daugiau su –50%"
  },
  {
    "image_url": "https://cdn.barbora.lt/products/914b62ab-1923-4cbf-a1f4-d38b0fa1781b_m.png",
    "title": "Viščiukų sparneliai FIESTA su česnakiniu marinatu ir kmynais, 850 g",
    "price": "3.49",
    "price_2": "4,1€/kg",
    "extra_info": "–22%"
  },
  {
    "image_url": "https://cdn.barbora.lt/products/3525cced-6637-4976-b28d-439bee653492_m.png",
    "title": "Sausainiai OREO su pieninio šokolado glaistu, 246 g",
    "price": "2.99",
    "price_2": "12,15€/kg",
    "extra_info": "–40%"
  },
  {
    "image_url": "https://cdn.barbora.lt/products/4fd72cc4-5068-4c25-afec-8f256230340a_m.png",
    "title": "Juodoji arbata BASILUR (EARL GREY), 50 g",
    "price": "2.09",
    "price_2": null,
    "extra_info": "2 ar daugiau su –25%"
  },
  {
    "image_url": "https://cdn.barbora.lt/products/c942b3b8-0064-4401-ae61-b8c678c7234b_m.png",
    "title": "Dantų pasta JORDAN „FRESH BREATH“, 75 ml",
    "price": "2.99",
    "price_2": null,
    "extra_info": "2 ar daugiau su –40%"
  },
  {
    "image_url": "https://cdn.barbora.lt/products/774137b5-58a0-40ee-8aca-32fa5ff1206f_m.png",
    "title": "ŽOLYNĖLIO DZŪKIJOS žolelių arbata, 30 g",
    "price": "1.89",
    "price_2": null,
    "extra_info": "2 ar daugiau su –25%"
  },
  {
    "image_url": "https://cdn.barbora.lt/products/3b1cfc41-feac-481c-bf99-0323998c3431_m.png",
    "title": "Švežia kiaulienos sprandinė GRYNUOLIAI, be kaulo, 360 g",
    "price": "2.99",
    "price_2": "8,3€/kg",
    "extra_info": "–33%"
  },
  {
    "image_url": "https://cdn.barbora.lt/products/ab3bd57f-acd0-4f8a-a729-096f9b9e524a_m.png",
    "title": "Dantų siūlas JORDAN EVERYDAY, 60 m.",
    "price": "2.79",
    "price_2": null,
    "extra_info": "2 ar daugiau su –40%"
  },
  {
    "image_url": "https://cdn.barbora.lt/products/b77a2598-9cd2-4254-ac0a-8881c57855df_m.png",
    "title": "Dantų pasta COLGATE MAX WHITE WHITE CRYSTALS, 75 ml",
    "price": "3.49",
    "price_2": null,
    "extra_info": "2 ar daugiau su –40%"
  },
  {
    "image_url": "https://cdn.barbora.lt/products/c8d98481-e0b5-4a2b-9549-b96989b21959_m.png",
    "title": "Konserv. keptos pupelės aitriųjų paprikų padaže WELL DONE, 400 g",
    "price": "1.01",
    "price_2": "2,53€/kg",
    "extra_info": "–25%"
  },
  {
    "image_url": "https://cdn.barbora.lt/products/e689e9a9-0f7e-4228-becc-757e21a51d57_m.png",
    "title": "Karameliniai vafliai WELL DONE, 400 g",
    "price": "2.49",
    "price_2": null,
    "extra_info": "2 ar daugiau su –25%"
  },
  {
    "image_url": "https://cdn.barbora.lt/products/29a244f7-0db3-45d1-a46b-751a290aa8f5_m.png",
    "title": "Jautienos konservai ANGUS, a. r., 250 g",
    "price": "5.49",
    "price_2": "21,96€/kg",
    "extra_info": "–21%"
  },
  {
    "image_url": "https://cdn.barbora.lt/products/b20fe2de-8cc0-4300-91cd-b9f82d7297a7_m.png",
    "title": "Juodoji arbata LIPTON LEMON, 34 g",
    "price": "2.09",
    "price_2": "61,47€/kg",
    "extra_info": "–40%"
  },
  {
    "image_url": "https://cdn.barbora.lt/products/1cee7da1-e754-42d6-a282-d3ae6fa0566a_m.png",
    "title": "Baltojo vyno actas ANDREA MILANO, 250 ml",
    "price": "0.99",
    "price_2": "3,96€/l",
    "extra_info": "–29%"
  },
  {
    "image_url": "https://cdn.barbora.lt/products/6dee68e2-9171-455b-840f-722907656cba_m.png",
    "title": "Skalbimo kapsulės \"PERSIL DISCS Color\" 60 vnt.",
    "price": "19.19",
    "price_2": "0,32€/vnt.",
    "extra_info": "–40%"
  },
  {
    "image_url": "https://cdn.barbora.lt/products/f646a960-322d-402a-8dab-5d3cc49d02e7_m.png",
    "title": "Ekologiškas daržovių sultinys NATUR COMPAGNIE be mielių, 80 g",
    "price": "1.99",
    "price_2": "24,88€/kg",
    "extra_info": "–29%"
  },
  {
    "image_url": "https://cdn.barbora.lt/products/dfb93099-6ad4-4e2f-8dbb-4b0e37b4fd94_m.png",
    "title": "NIVEA CELLULAR EXPERT LIFT veido kontūrus formuojanti lakštinė veido kaukė, prisotinta stangrinamojo serumo",
    "price": "1.99",
    "price_2": "1,99€/vnt.",
    "extra_info": "–50%"
  },
  {
    "image_url": "https://cdn.barbora.lt/products/26543cda-68a4-43eb-a1fe-5755f54fe7d8_m.png",
    "title": "Kepti MAŽYLIŲ vištienos filė kepsneliai džiūvėsėliuose, 300 g",
    "price": "2.55",
    "price_2": "8,5€/kg",
    "extra_info": "–41%"
  },
  {
    "image_url": "https://cdn.barbora.lt/products/a9da158c-aedf-404e-a388-c00b9f0c7b4c_m.png",
    "title": "Sausainiai SELGA be cukraus, su saldikliu, 180 g",
    "price": "1.35",
    "price_2": null,
    "extra_info": "2 ar daugiau su –25%"
  },
  {
    "image_url": "https://cdn.barbora.lt/products/d5e62fd5-e65d-43b4-b0b6-b2c7dd924909_m.png",
    "title": "Bulvių traškučiai TAFFEL, sūrio skonio, 180 g",
    "price": "1.29",
    "price_2": "7,17€/kg",
    "extra_info": "–50%"
  },
  {
    "image_url": "https://cdn.barbora.lt/products/609c4c77-7d0f-4529-ae06-e83e59c5fb2d_m.png",
    "title": "Vytinta itališka kiaulienos šoninė PANCETTA, nerūš., 100 g",
    "price": "2.09",
    "price_2": "20,9€/kg",
    "extra_info": "–25%"
  },
  {
    "image_url": "https://cdn.barbora.lt/products/4d384632-2863-4b06-bc6e-6ebe23001ce2_m.png",
    "title": "Skalbiamieji milteliai PERSIL COLOR, 20 skalb., 1.1 kg",
    "price": "5.29",
    "price_2": "4,81€/kg",
    "extra_info": "–40%"
  },
  {
    "image_url": "https://cdn.barbora.lt/products/7fbb88c4-b29b-48ff-805c-fca15ade3cd8_m.png",
    "title": "Skalbiamasis gelis PERSIL EXPERT LAVENDER COLOR, 40 skalb., 1.8 l",
    "price": "9.59",
    "price_2": "5,33€/l",
    "extra_info": "–40%"
  },
  {
    "image_url": "https://cdn.barbora.lt/products/2b034ebc-0a83-48d1-ac79-b87d3af94f85_m.png",
    "title": "Vištienos padažas TIKKA MASALA MAGGI, 65 g",
    "price": "0.83",
    "price_2": "12,77€/kg",
    "extra_info": "–40%"
  },
  {
    "image_url": "https://cdn.barbora.lt/products/0f620789-6ec8-403e-955a-05c7ae43c845_m.png",
    "title": "Šaldytos čiūros su šokoladu MAHESO, 240 g",
    "price": "2.49",
    "price_2": "10,38€/kg",
    "extra_info": "–17%"
  },
  {
    "image_url": "https://cdn.barbora.lt/products/4fdfbc84-1507-49df-9168-8351edc80ce3_m.png",
    "title": "Arbata HIPP žindyvėms, 200 g",
    "price": "5.99",
    "price_2": null,
    "extra_info": "2 ar daugiau su –25%"
  },
  {
    "image_url": "https://cdn.barbora.lt/products/72140ccf-0563-4fa8-95ac-ac365c2eba8b_m.png",
    "title": "Popierinės nosinaitės GRITE BLOSSOM, 10 vnt.",
    "price": "0.09",
    "price_2": "0,01€/vnt.",
    "extra_info": "–53%"
  },
  {
    "image_url": "https://cdn.barbora.lt/products/a2952099-3ef1-46cd-941b-800ed61a8dd6_m.png",
    "title": "Mangų ir aitriųjų paprikų padažas FELIX SPECIAL, 285 g",
    "price": "1.98",
    "price_2": "6,95€/kg",
    "extra_info": "–25%"
  },
  {
    "image_url": "https://cdn.barbora.lt/products/a425041e-6322-434c-848e-b463b21fab52_m.png",
    "title": "Vafliai SELGA, šokolado skonio, 90 g",
    "price": "0.95",
    "price_2": null,
    "extra_info": "2 ar daugiau su –25%"
  },
  {
    "image_url": "https://cdn.barbora.lt/products/325e75c2-b556-4e91-af0f-2de87a74aced_m.png",
    "title": "Vaisinė arbata LOYD, apelsinų, cinamono ir gvazdikėlių sk., 40 g",
    "price": "2.99",
    "price_2": null,
    "extra_info": "2 ar daugiau su –25%"
  },
  {
    "image_url": "https://cdn.barbora.lt/products/2a15868e-418a-44ac-a2b5-9071b7fc8b90_m.png",
    "title": "Plaukų šampūnas SYOSS Volume, 440 ml",
    "price": "7.49",
    "price_2": null,
    "extra_info": "2 ar daugiau su –40%"
  },
  {
    "image_url": "https://cdn.barbora.lt/products/4423de2b-e65c-4b91-a32f-0a08e0579988_m.png",
    "title": "Spraginti karamelizuoti kukurūzai MR.CHECK, 200 g",
    "price": "1.29",
    "price_2": "6,45€/kg",
    "extra_info": "–28%"
  },
  {
    "image_url": "https://cdn.barbora.lt/products/28fc329c-09b7-474c-99fa-3cc7c42059ee_m.png",
    "title": "Džiov. mangų, pasiflorų rutuliukai be pridėt. cukrų FRUNICA, 150 g",
    "price": "2.99",
    "price_2": "19,94€/kg",
    "extra_info": "–40%"
  },
  {
    "image_url": "https://cdn.barbora.lt/products/336af8ba-aba5-4d62-9e4c-b4374b3e95d1_m.png",
    "title": "Raudonojo vyno actas ANDREA MILANO, 250 ml",
    "price": "0.99",
    "price_2": "3,96€/l",
    "extra_info": "–29%"
  },
  {
    "image_url": "https://cdn.barbora.lt/products/0be8f849-9b0b-4687-b66d-8aa7de0b70a4_m.png",
    "title": "NIVEA Rutulinis dezodorantas  COOL KICK vyrams, 50 ml",
    "price": "2.39",
    "price_2": "47,8€/l",
    "extra_info": "–50%"
  },
  {
    "image_url": "https://cdn.barbora.lt/products/eef80254-e0f5-4ae5-9472-6867a9525742_m.png",
    "title": "DZŪKIJOS ŠVENTINIS sausainių rinkinys, 1 kg",
    "price": "8.49",
    "price_2": null,
    "extra_info": "2 ar daugiau su –25%"
  },
  {
    "image_url": "https://cdn.barbora.lt/products/c693078b-dc6f-4f90-8e1e-cd3f4a0cce88_m.png",
    "title": "Vištienos prieskonių mišinys THAI WOK SANTA MARIA, 30 g",
    "price": "1.59",
    "price_2": null,
    "extra_info": "2 ar daugiau su –50%"
  },
  {
    "image_url": "https://cdn.barbora.lt/products/c18976e4-aadf-4463-aaad-478381639906_m.png",
    "title": "Vaflinis batonėlis CHOCO LOVE MIO&RIO, 46 g",
    "price": "0.45",
    "price_2": null,
    "extra_info": "2 ar daugiau su –25%"
  },
  {
    "image_url": "https://cdn.barbora.lt/products/d412e6bb-71a9-424a-9e3b-b90ba195fb39_m.png",
    "title": "Ekologiškas universalusis valiklis L'ARBRE VERT, 740 ml",
    "price": "2.89",
    "price_2": "3,9€/l",
    "extra_info": "–40%"
  },
  {
    "image_url": "https://cdn.barbora.lt/products/b1a8e7dc-28c2-481e-897c-c0b53f15d29e_m.png",
    "title": "Bulvių prieskoniai SANTA MARIA, 57 g",
    "price": "1.59",
    "price_2": null,
    "extra_info": "2 ar daugiau su –50%"
  },
  {
    "image_url": "https://cdn.barbora.lt/products/dcee9da2-544a-454e-8176-527bd90904e6_m.png",
    "title": "Apelsininiai pipirai SANTA MARIA, 48 g",
    "price": "2.49",
    "price_2": null,
    "extra_info": "2 ar daugiau su –50%"
  },
  {
    "image_url": "https://cdn.barbora.lt/products/71c7f8ee-f2d3-4d97-8364-1ae718c538c8_m.png",
    "title": "Pjaustyta vytinta dešra TOLEDO ESPANA, I r., 80 g",
    "price": "2.49",
    "price_2": null,
    "extra_info": "2 ar daugiau su –20%"
  },
  {
    "image_url": "https://cdn.barbora.lt/products/f8b62378-26e2-4e8e-a6a6-100359b5eb0d_m.png",
    "title": "Sausainiai DUO su vanilės skonio įdaru MIO&RIO, 500 g",
    "price": "2.45",
    "price_2": null,
    "extra_info": "2 ar daugiau su –25%"
  },
  {
    "image_url": "https://cdn.barbora.lt/products/fa50a30c-2ea6-40dd-b5f9-87fdeb161316_m.png",
    "title": "Dantų pasta ORAL-B Pro Expert, Sensitive, 75ml",
    "price": "4.39",
    "price_2": null,
    "extra_info": "2 ar daugiau su –40%"
  },
  {
    "image_url": "https://cdn.barbora.lt/products/666e4598-00a5-4c08-9f80-b16d272f3941_m.png",
    "title": "HISKIN Crazy Hair Giliai valantis šampūnas su aviečiių ir mėlyniių aromatu, 300 ml",
    "price": "6.99",
    "price_2": null,
    "extra_info": "2 ar daugiau su –40%"
  },
  {
    "image_url": "https://cdn.barbora.lt/products/84121e7f-46d7-4a4f-a787-e0d7540a959a_m.png",
    "title": "Saliamio griežinėliai su sūriu WELL DONE, 50 g",
    "price": "0.95",
    "price_2": null,
    "extra_info": "2 ar daugiau su –20%"
  },
  {
    "image_url": "https://cdn.barbora.lt/products/ffe295d3-3a2b-419f-851a-ac4bdd057657_m.png",
    "title": "Baltym. vaflinis batonėlis MAXI NUTRITION su riešutų glajumi, 39 g",
    "price": "1.61",
    "price_2": "41,28€/kg",
    "extra_info": "–40%"
  },
  {
    "image_url": "https://cdn.barbora.lt/products/a6bf26bf-558d-4173-828c-efac935bbb1d_m.png",
    "title": "Šaldytos bulvių kišenėlės su sūriu ir prieskoniais WERNSING, 600 g",
    "price": "3.99",
    "price_2": "6,65€/kg",
    "extra_info": "–20%"
  },
  {
    "image_url": "https://cdn.barbora.lt/products/6c6c905e-7d48-4dee-b611-2be9f675776d_m.png",
    "title": "Sausainiai GAIDELIS MINI su kondensuotu pienu, 380 g",
    "price": "1.99",
    "price_2": null,
    "extra_info": "2 ar daugiau su –25%"
  },
  {
    "image_url": "https://cdn.barbora.lt/products/7d6601d9-f1b9-47f5-a775-52c879f8035c_m.png",
    "title": "Riebalų valiklis KH-7, citrinų kvapo, 750 ml",
    "price": "3.35",
    "price_2": "4,46€/l",
    "extra_info": "–40%"
  },
  {
    "image_url": "https://cdn.barbora.lt/products/ba26992a-e6c8-4ae5-b05e-3d6c463df3d6_m.png",
    "title": "Dantų pasta SENSODYNE FLUORIDE, 75 ml",
    "price": "5.79",
    "price_2": null,
    "extra_info": "2 ar daugiau su –40%"
  },
  {
    "image_url": "https://cdn.barbora.lt/products/4245593e-c881-41d1-af99-58e1eb46dd0c_m.png",
    "title": "Tirpioji aviečių skonio arbata EKLAND, 350 g",
    "price": "1.99",
    "price_2": null,
    "extra_info": "2 ar daugiau su –25%"
  },
  {
    "image_url": "https://cdn.barbora.lt/products/7e0b139d-8102-4639-91f0-49363424093d_m.png",
    "title": "NIVEA Purškiamasis dezodorantas PEARL& BEAUTY moterims, 150 ml",
    "price": "2.39",
    "price_2": "15,93€/l",
    "extra_info": "–50%"
  },
  {
    "image_url": "https://cdn.barbora.lt/products/2b3238c5-a777-493b-b4a9-8cd525bbd0ba_m.png",
    "title": "Muskatai SANTA MARIA, 10 g",
    "price": "1.69",
    "price_2": null,
    "extra_info": "2 ar daugiau su –50%"
  },
  {
    "image_url": "https://cdn.barbora.lt/products/cab2861a-8f85-43e0-8545-62bd70575e78_m.png",
    "title": "Plaukų lakas SYOSS Volume Lift, 300 ml",
    "price": "8.19",
    "price_2": null,
    "extra_info": "2 ar daugiau su –40%"
  },
  {
    "image_url": "https://cdn.barbora.lt/products/aa97bf6c-d7f8-4c4e-8c82-3d84edf82d98_m.png",
    "title": "Dražė M&M'S PEANUT su žemės riešutais, 90 g",
    "price": "1.31",
    "price_2": "14,55€/kg",
    "extra_info": "–40%"
  },
  {
    "image_url": "https://cdn.barbora.lt/products/7a99359d-edf5-4313-a5c0-5608a3f12802_m.png",
    "title": "Granola su vaisiais BONA VITA, 500 g",
    "price": "3.74",
    "price_2": "7,48€/kg",
    "extra_info": "–25%"
  },
  {
    "image_url": "https://cdn.barbora.lt/products/4ad9156c-29c5-450b-8f72-8f7bf116e76c_m.png",
    "title": "Majonezinis padažas WOWMAMA FRENCH FRIES, 37,9 % rieb., 450 g",
    "price": "1.95",
    "price_2": "4,33€/kg",
    "extra_info": "–30%"
  },
  {
    "image_url": "https://cdn.barbora.lt/products/c1b1c945-4147-4053-8d69-4013d8879139_m.png",
    "title": "Baltyminis pieno kokteilis MAXI NUTRITION, braškių skonio, 330 ml",
    "price": "1.61",
    "price_2": "4,88€/l",
    "extra_info": "–40%"
  },
  {
    "image_url": "https://cdn.barbora.lt/products/436948b9-8592-4d17-9511-799c4d417d00_m.png",
    "title": "Sriubų ir padažų prieskoniai SANTA MARIA, 25 g",
    "price": "1.09",
    "price_2": null,
    "extra_info": "2 ar daugiau su –50%"
  },
  {
    "image_url": "https://cdn.barbora.lt/products/31bc18a3-fdcc-4a8e-9240-7c860636bf6e_m.png",
    "title": "Vytinta pjaustyta jautiena BASTURMA, a. r., 60 g",
    "price": "5.49",
    "price_2": null,
    "extra_info": "2 ar daugiau su –20%"
  },
  {
    "image_url": "https://cdn.barbora.lt/products/164d87e4-fde9-4325-b4d1-91106912da8b_m.png",
    "title": "Juodoji arbata DILMAH, aviečių skonio, 30 g",
    "price": "2.39",
    "price_2": null,
    "extra_info": "2 ar daugiau su –25%"
  },
  {
    "image_url": "https://cdn.barbora.lt/products/67f6113b-66ef-46f8-8eda-5be8fe875aa2_m.png",
    "title": "Juodoji Ceilono arbata DILMAH LADY SILVER, 40 g",
    "price": "1.99",
    "price_2": null,
    "extra_info": "2 ar daugiau su –25%"
  },
  {
    "image_url": "https://cdn.barbora.lt/products/4ff2e629-ac6a-4085-a420-3094c6164552_m.png",
    "title": "Prieskonių mišinys INDIAN MANGO CURRY SANTA MARIA, 41 g",
    "price": "3.29",
    "price_2": null,
    "extra_info": "2 ar daugiau su –50%"
  },
  {
    "image_url": "https://cdn.barbora.lt/products/d2affe41-fc77-48fb-8498-7bc82a59d519_m.png",
    "title": "Gr. par. bulvių košė su svogūnais MAGGI, 59 g",
    "price": "1.01",
    "price_2": "17,12€/kg",
    "extra_info": "–40%"
  },
  {
    "image_url": "https://cdn.barbora.lt/products/2ff0a0e7-f1b5-48bf-abd8-746cf7eccb4e_m.png",
    "title": "Vaisinė arbata ŽOLYNĖLIS su kriaušėmis ir gvazdikėliais, 40 g",
    "price": "2.49",
    "price_2": null,
    "extra_info": "2 ar daugiau su –25%"
  },
  {
    "image_url": "https://cdn.barbora.lt/products/95055874-b4ab-4f8c-a4c9-df5c3c200137_m.png",
    "title": "Šunų skanėstas lazdelės LOVETT su jaut.,12 vnt., 108 g",
    "price": "0.76",
    "price_2": "7,04€/kg",
    "extra_info": "–30%"
  },
  {
    "image_url": "https://cdn.barbora.lt/products/43aa7228-7197-4728-ba4a-8ef3ef8fe3a5_m.png",
    "title": "Moteriškas pieštukinis dezodorantas DOVE PEAR ALOE VERA, 50 ml",
    "price": "1.99",
    "price_2": "39,8€/l",
    "extra_info": "–50%"
  },
  {
    "image_url": "https://cdn.barbora.lt/products/494fe441-5c14-4052-bacf-add54f9030ff_m.png",
    "title": "Amerikietiškų bulvyčių prieskoniai KOTANYI, 30 g",
    "price": "0.83",
    "price_2": "27,67€/kg",
    "extra_info": "–30%"
  },
  {
    "image_url": "https://cdn.barbora.lt/products/632a8d28-cfc7-49db-ad33-1d1b845413b7_m.png",
    "title": "Provanso žolelės KOTANYI, 17 g",
    "price": "0.83",
    "price_2": "48,82€/kg",
    "extra_info": "–30%"
  },
  {
    "image_url": "https://cdn.barbora.lt/products/ba571e4d-7ea6-42f4-8b34-cf5ac54581ad_m.png",
    "title": "Laiškiniai česnakai KOTANYI, 5 g",
    "price": "0.83",
    "price_2": "166€/kg",
    "extra_info": "–30%"
  },
  {
    "image_url": "https://cdn.barbora.lt/products/dbe18e4d-17a3-493f-aa7d-d4c26c0860ff_m.png",
    "title": "Juodoji Ceilono arbata DILMAH PREMIUM, 100 g",
    "price": "3.79",
    "price_2": null,
    "extra_info": "2 ar daugiau su –25%"
  },
  {
    "image_url": "https://cdn.barbora.lt/products/64b53746-b6a0-4846-b411-b2a2b009a300_m.png",
    "title": "Vaikiška dantų pasta COLGATE, 50 ml, 6-9 metų, 50 ml",
    "price": "2.85",
    "price_2": null,
    "extra_info": "2 ar daugiau su –40%"
  },
  {
    "image_url": "https://cdn.barbora.lt/products/782c9430-d1f2-4d57-acf9-0bb506931242_m.png",
    "title": "Konservuotas šunų ėdalas LOVETT su kepenėlemis, 1.25 kg",
    "price": "1.39",
    "price_2": "1,11€/kg",
    "extra_info": "–30%"
  },
  {
    "image_url": "https://cdn.barbora.lt/products/0b64a813-5baa-4cd2-8ad9-cd7ad5ef91d5_m.png",
    "title": "Moteriškas rutulinis antiperspirantas DOVE ACAI BERRY, 50 ml",
    "price": "2.29",
    "price_2": "45,8€/l",
    "extra_info": "–50%"
  },
  {
    "image_url": "https://cdn.barbora.lt/products/cdeabd08-e964-4ca4-bc39-524c4c16e0b0_m.png",
    "title": "GARLIAVOS DUONOS sausainiai su karameliniu įdaru, 300 g",
    "price": "4.09",
    "price_2": null,
    "extra_info": "2 ar daugiau su –25%"
  },
  {
    "image_url": "https://cdn.barbora.lt/products/13b827ba-e3ed-498a-9985-02ad64ba4e54_m.png",
    "title": "Vytinta pjaustyta kiaulienos nugarinė GO SNACK, a.r., 160 g",
    "price": "3.99",
    "price_2": null,
    "extra_info": "2 ar daugiau su –20%"
  },
  {
    "image_url": "https://cdn.barbora.lt/products/6f866c3e-0bc9-4653-afb4-6ac8700bd0fd_m.png",
    "title": "Bulvių traškučiai TAFFEL, grietinės ir svogūnų skonio, 250 g",
    "price": "1.69",
    "price_2": "6,76€/kg",
    "extra_info": "–51%"
  },
  {
    "image_url": "https://cdn.barbora.lt/products/35ae0411-e85a-41d3-b411-7bd84a7b4623_m.png",
    "title": "NIVEA Lip lūpų balzamas, 5,2 g",
    "price": "2.49",
    "price_2": "2,49€/vnt.",
    "extra_info": "–51%"
  },
  {
    "image_url": "https://cdn.barbora.lt/products/fc6c442a-d5bc-4bd6-897e-d4d7c354eed5_m.png",
    "title": "Vafliai MIO&RIO su pieno skonio kremo įdaru, 180 g, 180 g",
    "price": "0.99",
    "price_2": null,
    "extra_info": "2 ar daugiau su –25%"
  },
  {
    "image_url": "https://cdn.barbora.lt/products/aa53c410-b779-4f9c-ab00-0ebd8d2fa15f_m.png",
    "title": "Pusryčių dribsniai CINI-MINIS MINIS NESTLE, 300 g, 300 g",
    "price": "2.39",
    "price_2": "7,97€/kg",
    "extra_info": "–40%"
  },
  {
    "image_url": "https://cdn.barbora.lt/products/e29de1a4-05c4-4378-afcf-b33cfd9c4618_m.png",
    "title": "Kepimo milteliai SANTA MARIA, 45 g",
    "price": "1.49",
    "price_2": null,
    "extra_info": "2 ar daugiau su –50%"
  },
  {
    "image_url": "https://cdn.barbora.lt/products/6ae35174-9921-4e9a-8f1e-646b08132f20_m.png",
    "title": "Juodoji arbata LIPTON EARL GREY, 75 g",
    "price": "3.53",
    "price_2": "47,06€/kg",
    "extra_info": "–40%"
  },
  {
    "image_url": "https://cdn.barbora.lt/products/d8e00f78-f14e-4dd9-aa19-3c852c809099_m.png",
    "title": "Plaukų lakas SYOSS Max Hold, 300 ml",
    "price": "8.19",
    "price_2": null,
    "extra_info": "2 ar daugiau su –40%"
  },
  {
    "image_url": "https://cdn.barbora.lt/products/b60cb528-43a2-44c7-a4ae-f495a29a15a9_m.png",
    "title": "Aromat. juodoji arbata LIPTON EARL GREY LEMON su citr. žiev., 50 g",
    "price": "1.79",
    "price_2": "35,8€/kg",
    "extra_info": "–40%"
  },
  {
    "image_url": "https://cdn.barbora.lt/products/6e5c06f3-ac7f-410b-a660-d103b9779d16_m.png",
    "title": "Arbatos rinkinys ETNO, 75 g",
    "price": "4.69",
    "price_2": null,
    "extra_info": "2 ar daugiau su –25%"
  },
  {
    "image_url": "https://cdn.barbora.lt/products/5d907780-e55c-4b27-80c9-a239b4bf6ece_m.png",
    "title": "Vyriškas plaukų šampūnas SYOSS MEN Power, 440 ml",
    "price": "7.49",
    "price_2": null,
    "extra_info": "2 ar daugiau su –40%"
  },
  {
    "image_url": "https://cdn.barbora.lt/products/c516abc0-319d-4fa4-b1c5-37ec25674e2c_m.png",
    "title": "Šunų ėdalas su jautiena LOVETT 400g, 400 g",
    "price": "0.69",
    "price_2": "1,73€/kg",
    "extra_info": "–30%"
  },
  {
    "image_url": "https://cdn.barbora.lt/products/8b560862-c7bf-4342-b6d0-6679d3ebf18f_m.png",
    "title": "Žalioji arbata LOYD su mačia, ananasais ir kokosais, 30 g",
    "price": "2.99",
    "price_2": null,
    "extra_info": "2 ar daugiau su –25%"
  },
  {
    "image_url": "https://cdn.barbora.lt/products/17fd7df8-466b-4556-af36-6ad53b3321aa_m.png",
    "title": "Skalbimo gelis \"PERSIL Active Gel\" 66sk.",
    "price": "13.99",
    "price_2": "4,71€/l",
    "extra_info": "–40%"
  },
  {
    "image_url": "https://cdn.barbora.lt/products/faa7db33-3fde-4103-98b2-40a1d0a61891_m.png",
    "title": "Vaisinė arbata LOYD MOJITO, 34 g",
    "price": "2.99",
    "price_2": null,
    "extra_info": "2 ar daugiau su –25%"
  },
  {
    "image_url": "https://cdn.barbora.lt/products/834c4717-806a-41a9-8ca2-6848336e3433_m.png",
    "title": "Džiovintos persiko puselės FRUNICA, 150 g",
    "price": "2.49",
    "price_2": "16,6€/kg",
    "extra_info": "–38%"
  },
  {
    "image_url": "https://cdn.barbora.lt/products/3e8d171f-f8f3-474e-9eb5-a5b03c1e609f_m.png",
    "title": "Raudonėliai KOTANYI, 8 g",
    "price": "0.83",
    "price_2": "103,75€/kg",
    "extra_info": "–30%"
  },
  {
    "image_url": "https://cdn.barbora.lt/products/4d1a31f5-bf55-4682-9d9c-38badf87779e_m.png",
    "title": "Sausas šampūnas SYOSS Volume, 200ml",
    "price": "8.49",
    "price_2": null,
    "extra_info": "2 ar daugiau su –40%"
  },
  {
    "image_url": "https://cdn.barbora.lt/products/cef37891-1648-4899-a281-187e8683366e_m.png",
    "title": "Dantų pasta SENSODYNE COMPLETE PROTECTION, 75 ml",
    "price": "7.89",
    "price_2": null,
    "extra_info": "2 ar daugiau su –40%"
  },
  {
    "image_url": "https://cdn.barbora.lt/products/eb24a414-c062-40c6-86bf-3809455e917c_m.png",
    "title": "Vaisinė arbata LOYD, miško uogų skonio, 100 g",
    "price": "5.39",
    "price_2": null,
    "extra_info": "2 ar daugiau su –25%"
  },
  {
    "image_url": "https://cdn.barbora.lt/products/2b710b7a-1b2f-4880-ad71-90ec6e5a6d18_m.png",
    "title": "Riebalų valiklis L'ARBRE VERT, 740 ml",
    "price": "2.89",
    "price_2": "3,9€/l",
    "extra_info": "–40%"
  },
  {
    "image_url": "https://cdn.barbora.lt/products/89b78d91-c17b-40cc-ba3d-c37c6b075e95_m.png",
    "title": "Kiaulienos prieskoniai VEGETA, 20 g",
    "price": "0.69",
    "price_2": null,
    "extra_info": "2 ar daugiau su –40%"
  },
  {
    "image_url": "https://cdn.barbora.lt/products/c74ef86d-ef77-4b2c-b528-ddc1974fb9ea_m.png",
    "title": "Virtas vištienos vyniotinis su česnakais ir pipirais, a. r., 1 kg",
    "price": "9.99",
    "price_2": "9,99€/kg",
    "extra_info": "–21%"
  },
  {
    "image_url": "https://cdn.barbora.lt/products/b8c1b4f9-75a5-4717-84d2-535686bbc5fe_m.png",
    "title": "Kukurūzų traškučiai TAFFEL SNACK FRIES, 110 g",
    "price": "1.09",
    "price_2": "9,91€/kg",
    "extra_info": "–50%"
  },
  {
    "image_url": "https://cdn.barbora.lt/products/4b4cb617-bdcc-4c5a-94ac-82a778b1c7ed_m.png",
    "title": "Vaflinis batonėlis KNOPPERS, 40 g",
    "price": "1.09",
    "price_2": null,
    "extra_info": "2 ar daugiau su –25%"
  },
  {
    "image_url": "https://cdn.barbora.lt/products/0d7194b8-891f-4a88-940d-955658adbf56_m.png",
    "title": "Vafliniai batonėliai LION STANDARD, 2 vnt., 60 g",
    "price": "1.19",
    "price_2": null,
    "extra_info": "2 ar daugiau su –25%"
  },
  {
    "image_url": "https://cdn.barbora.lt/products/ad24facc-95b4-4e01-a7bb-7cd2d8464173_m.png",
    "title": "Higieniniai paketai ALWAYS Ultra Secure Night, S4, 24 vnt.",
    "price": "5.59",
    "price_2": "0,23€/vnt.",
    "extra_info": "–30%"
  },
  {
    "image_url": "https://cdn.barbora.lt/products/ee8436bc-d06b-473e-9046-ed37b94e8825_m.png",
    "title": "Milteliai ACORUS BALANCE FIBER COLON DETOX, 300 g",
    "price": "5.99",
    "price_2": "19,96€/kg",
    "extra_info": "–37%"
  },
  {
    "image_url": "https://cdn.barbora.lt/products/852c0094-5f19-44c7-b2bd-0f23537f8566_m.png",
    "title": "Pilno grūdo sausainiai ORE LIETE DIGESTIVE, 250 g",
    "price": "1.99",
    "price_2": null,
    "extra_info": "2 ar daugiau su –25%"
  },
  {
    "image_url": "https://cdn.barbora.lt/products/fa8494b3-5bf2-43dd-b721-321d635c28f1_m.png",
    "title": "Vytinta pjaustyta BERETTA dešra SALAME CACCIATORE, nerūš., 80 g",
    "price": "3.19",
    "price_2": null,
    "extra_info": "2 ar daugiau su –20%"
  },
  {
    "image_url": "https://cdn.barbora.lt/products/406d51fc-7c16-4cb4-812a-e615284dc525_m.png",
    "title": "Takų prieskonių mišinys su sūriu SANTA MARIA TEX MĖX, 28 g",
    "price": "1.29",
    "price_2": null,
    "extra_info": "2 ar daugiau su –50%"
  },
  {
    "image_url": "https://cdn.barbora.lt/products/d36922ff-8f27-4b08-a388-f71d3ffbf26e_m.png",
    "title": "Kepimo padažas SANTA MARIA TIKKA MASALA, 360 g",
    "price": "4.69",
    "price_2": null,
    "extra_info": "2 ar daugiau su –50%"
  },
  {
    "image_url": "https://cdn.barbora.lt/products/88fcd7d2-447e-4ba9-a69f-29bad54f07f2_m.png",
    "title": "Dantų šepetėlis JORDAN ADVANCED SOFT, 1 vnt.",
    "price": "1.99",
    "price_2": null,
    "extra_info": "2 ar daugiau su –40%"
  },
  {
    "image_url": "https://cdn.barbora.lt/products/3e39c37c-ff6f-4611-a655-6e433b757397_m.png",
    "title": "NIVEA Q10 ENERGY lakštinė veido kaukė, prisotinta energizuojančio serumo, pavargusiai ir papilkėjusiai odai.",
    "price": "1.79",
    "price_2": "1,79€/vnt.",
    "extra_info": "–50%"
  },
  {
    "image_url": "https://cdn.barbora.lt/products/af256047-6615-4dde-9a2d-3d9d116ab61c_m.png",
    "title": "Vaisinės arbatos rinkinys ŽOLYNĖLIS VASAROS SKONIS, 125 g",
    "price": "7.99",
    "price_2": null,
    "extra_info": "2 ar daugiau su –25%"
  },
  {
    "image_url": "https://cdn.barbora.lt/products/34112ae8-05d4-4499-83e2-e684e301cbf4_m.png",
    "title": "ECODENTA ypač gaivi ir remineralizuojanti dantų pasta su Vytautas mineraliniu vandeniu 100 ml",
    "price": "5.29",
    "price_2": null,
    "extra_info": "2 ar daugiau su –40%"
  },
  {
    "image_url": "https://cdn.barbora.lt/products/24401652-a1a3-419b-8c8a-b8c503607c7c_m.png",
    "title": "Sausainiai VIKTORIJA DVYNUKAI su vanilės skonio kremu, 450 g",
    "price": "2.59",
    "price_2": null,
    "extra_info": "2 ar daugiau su –25%"
  },
  {
    "image_url": "https://cdn.barbora.lt/products/3cb2de0e-8d60-4728-8bd6-3f7c0208ba55_m.png",
    "title": "Džiovintų duonvaisių traškučiai FRUNICA, 100 g",
    "price": "1.79",
    "price_2": "17,9€/kg",
    "extra_info": "–40%"
  },
  {
    "image_url": "https://cdn.barbora.lt/products/b12a1539-db6f-4fe2-b0c0-031184d9b57b_m.png",
    "title": "Juodoji arbata LIPTON VANILLA CARAMEL, 34 g",
    "price": "2.09",
    "price_2": "61,47€/kg",
    "extra_info": "–40%"
  },
  {
    "image_url": "https://cdn.barbora.lt/products/208b82e9-6288-41ae-b3cb-9c26db69b4cb_m.png",
    "title": "Arbata su imbierais, citrinomis ir medumi WELL DONE, 40 g",
    "price": "2.29",
    "price_2": null,
    "extra_info": "2 ar daugiau su –25%"
  },
  {
    "image_url": "https://cdn.barbora.lt/products/fe2afa19-911c-47fb-8ab3-8651043d63d2_m.png",
    "title": "Virtas kiaulienos kumpis WELL DONE, a. r., 100 g",
    "price": "1.29",
    "price_2": null,
    "extra_info": "2 ar daugiau su –20%"
  },
  {
    "image_url": "https://cdn.barbora.lt/products/fc15aee2-8dbe-4850-a56d-58ca05eedc77_m.png",
    "title": "Aštrusis pomidorų padažas SANTA MARIA TEX MEX TACO, 230 g",
    "price": "3.29",
    "price_2": null,
    "extra_info": "2 ar daugiau su –50%"
  },
  {
    "image_url": "https://cdn.barbora.lt/products/d4d1e61d-3746-41ec-95d7-cda6a5f9c751_m.png",
    "title": "Dantų pasta LACALUT WHITE, 75ml",
    "price": "3.09",
    "price_2": "41,2€/l",
    "extra_info": "–35%"
  },
  {
    "image_url": "https://cdn.barbora.lt/products/97112c75-2b4d-4875-95ee-5e4baaedfb1d_m.png",
    "title": "Meksikietiški vištienos prieskoniai SANTA MARIA, 27 g",
    "price": "0.99",
    "price_2": null,
    "extra_info": "2 ar daugiau su –50%"
  },
  {
    "image_url": "https://cdn.barbora.lt/products/7f934489-7d61-45d9-a99c-e452a7e12b25_m.png",
    "title": "Sausainiai MIO&RIO, šokolado skonio, 160 g",
    "price": "0.49",
    "price_2": null,
    "extra_info": "2 ar daugiau su –25%"
  },
  {
    "image_url": "https://cdn.barbora.lt/products/0b2dce8c-5656-4a05-aa21-1b3a8097ecbb_m.png",
    "title": "NIVEA BLACK&WHITE PURE rutulinis antiperspirantas moterims, 50 ml",
    "price": "2.39",
    "price_2": "47,8€/l",
    "extra_info": "–50%"
  },
  {
    "image_url": "https://cdn.barbora.lt/products/dc5d7cb5-f410-4dcc-99d2-a02df336d0e2_m.png",
    "title": "NIVEA rankų kremas su tikrųjų alavijų ekstraktu, 75 ml",
    "price": "1.79",
    "price_2": "23,87€/l",
    "extra_info": "–51%"
  },
  {
    "image_url": "https://cdn.barbora.lt/products/6f49bdce-c3df-43ea-a0bd-eb4f9634990c_m.png",
    "title": "Prieskoniai VEGETA mocarelos salotoms ruošti, 20 g",
    "price": "0.69",
    "price_2": null,
    "extra_info": "2 ar daugiau su –40%"
  },
  {
    "image_url": "https://cdn.barbora.lt/products/c90e6433-d333-4072-afab-91ece5bec974_m.png",
    "title": "Žalioji arbata ŠVELNI, 70 g",
    "price": "2.29",
    "price_2": null,
    "extra_info": "2 ar daugiau su –25%"
  },
  {
    "image_url": "https://cdn.barbora.lt/products/3d044bcd-89e6-4309-ad2b-ff7c9be003e4_m.png",
    "title": "Makaronai SAM MILLS (žaliųjų žirnelių), 250 g",
    "price": "2.19",
    "price_2": "8,76€/kg",
    "extra_info": "–37%"
  },
  {
    "image_url": "https://cdn.barbora.lt/products/4450e096-3009-40d7-beb4-0b7508c5e5fb_m.png",
    "title": "Avižiniai sausainiai KIDDY su sezamais, 190 g",
    "price": "1.89",
    "price_2": null,
    "extra_info": "2 ar daugiau su –25%"
  },
  {
    "image_url": "https://cdn.barbora.lt/products/c5762c02-11b4-4b06-a658-d6b82421e1a7_m.png",
    "title": "Margainių vaisiai (milteliai) ŽOLYNĖLIS, 300 g",
    "price": "3.49",
    "price_2": "11,63€/kg",
    "extra_info": "–36%"
  },
  {
    "image_url": "https://cdn.barbora.lt/products/941b3823-875e-428b-9fc1-9b2aed9e47cd_m.png",
    "title": "Džiovintų mangų rutuliukai be pridėtinio cukraus FRUNICA, 150 g",
    "price": "2.99",
    "price_2": "19,94€/kg",
    "extra_info": "–40%"
  },
  {
    "image_url": "https://cdn.barbora.lt/products/0ae18522-0ba3-4837-bec9-ab8df1551f31_m.png",
    "title": "Baltyminis pieno kokteilis MAXI NUTRITION, kavos skonio, 330 ml",
    "price": "1.61",
    "price_2": "4,88€/l",
    "extra_info": "–40%"
  },
  {
    "image_url": "https://cdn.barbora.lt/products/228f0e3e-e46f-49d9-ae8d-8330c8524f81_m.png",
    "title": "Sausainiai GRYBUKAI, 0.25 kg",
    "price": "2.85",
    "price_2": null,
    "extra_info": "2 ar daugiau su –25%"
  },
  {
    "image_url": "https://cdn.barbora.lt/products/bd68bea5-b609-4060-8cae-ff647714a79b_m.png",
    "title": "Biri kiniška žalioji arbata GURMAN'S SPECIAL GUNPOWDER, 125 g",
    "price": "2.29",
    "price_2": null,
    "extra_info": "2 ar daugiau su –25%"
  },
  {
    "image_url": "https://cdn.barbora.lt/products/119e020e-aef4-4218-81f5-14430a6ae083_m.png",
    "title": "Vaisinė arbata LOYD, ananasų ir kriaušių skonio, 40 g",
    "price": "2.99",
    "price_2": null,
    "extra_info": "2 ar daugiau su –25%"
  },
  {
    "image_url": "https://cdn.barbora.lt/products/2fe22a4b-7958-41d4-a2b6-b4ce3a72c663_m.png",
    "title": "Dantų pasta SENSODYNE REPAIR & PROTECT WHITENING, 75 ml",
    "price": "7.39",
    "price_2": null,
    "extra_info": "2 ar daugiau su –40%"
  },
  {
    "image_url": "https://cdn.barbora.lt/products/96173af9-59c6-4a7a-9155-da5e8e5acb46_m.png",
    "title": "NIVEA WATERMELLON SHINE puoselėjamasis lūpų balzamas, 4,8 g",
    "price": "1.79",
    "price_2": "372,92€/kg",
    "extra_info": "–51%"
  },
  {
    "image_url": "https://cdn.barbora.lt/products/82977082-ddc4-408b-9489-067695505571_m.png",
    "title": "Kakaviniai sausainiai OREO su vanilės skonio įdaru, 44 g",
    "price": "0.55",
    "price_2": "12,5€/kg",
    "extra_info": "–38%"
  },
  {
    "image_url": "https://cdn.barbora.lt/products/bb815f90-b9fa-4d54-bd26-c26ec509f3ff_m.png",
    "title": "Bazilikai SANTA MARIA, 12 g",
    "price": "1.49",
    "price_2": null,
    "extra_info": "2 ar daugiau su –50%"
  },
  {
    "image_url": "https://cdn.barbora.lt/products/b587952e-92ea-40c1-98be-8a92e15ba15d_m.png",
    "title": "Dantų pasta COLGATE TOTAL ORIGINAL, 75 ml",
    "price": "4.49",
    "price_2": null,
    "extra_info": "2 ar daugiau su –40%"
  },
  {
    "image_url": "https://cdn.barbora.lt/products/fabf1c3c-e50e-4c67-bb3e-c746b062def3_m.png",
    "title": "NIVEA Dušo želė LEMON &OIL, 500 ml",
    "price": "3.39",
    "price_2": "6,78€/l",
    "extra_info": "–51%"
  },
  {
    "image_url": "https://cdn.barbora.lt/products/8ca34806-c0d6-46f9-9bef-4831f310e80e_m.png",
    "title": "Šunų kramtalai LOVETT TWISTER su paukšt. (6 vnt.), 120 g",
    "price": "0.76",
    "price_2": "6,33€/kg",
    "extra_info": "–30%"
  },
  {
    "image_url": "https://cdn.barbora.lt/products/18274459-b093-43c4-a4d8-8d13bdf5faf8_m.png",
    "title": "Visų grūdo dalių sausainiai WASA, 250 g",
    "price": "3.69",
    "price_2": null,
    "extra_info": "2 ar daugiau su –25%"
  },
  {
    "image_url": "https://cdn.barbora.lt/products/791e8c48-86a0-4bbd-9142-c2c6c3c86628_m.png",
    "title": "Ypač grynas alyvuogių aliejus BASSO, 250 ml",
    "price": "2.81",
    "price_2": "11,24€/l",
    "extra_info": "–40%"
  },
  {
    "image_url": "https://cdn.barbora.lt/products/1a7e289c-87af-4e86-806e-1a9f325537e7_m.png",
    "title": "NIVEA Dušo želė LEMON &OIL, 250 ml",
    "price": "2.09",
    "price_2": "8,36€/l",
    "extra_info": "–50%"
  },
  {
    "image_url": "https://cdn.barbora.lt/products/1553f22a-d27b-4e95-8889-1e93d55c0494_m.png",
    "title": "FELIX padažas TŪKSTANTIS SALŲ, 375 g",
    "price": "1.76",
    "price_2": "4,7€/kg",
    "extra_info": "–25%"
  },
  {
    "image_url": "https://cdn.barbora.lt/products/1656d791-d840-4f46-95fc-3ca6069a79b5_m.png",
    "title": "Dantų siūlas COLGATE TOTAL, 50 m.",
    "price": "3.49",
    "price_2": null,
    "extra_info": "2 ar daugiau su –40%"
  },
  {
    "image_url": "https://cdn.barbora.lt/products/d5b38758-5f67-44ff-9886-ba5f39d85ba0_m.png",
    "title": "Kepti javainiai BONA VITA su lazdynų riešutais, 375 g",
    "price": "1.86",
    "price_2": "4,96€/kg",
    "extra_info": "–25%"
  },
  {
    "image_url": "https://cdn.barbora.lt/products/4edd5c0e-56d5-4f69-b866-4d0985ea250c_m.png",
    "title": "Tradiciniai riestainiai MIO&RIO, 280 g",
    "price": "0.89",
    "price_2": null,
    "extra_info": "2 ar daugiau su –25%"
  },
  {
    "image_url": "https://cdn.barbora.lt/products/1d3f78e0-4bf5-4cde-b579-499efad98d80_m.png",
    "title": "Sausainiai GRYBUKAI LINKSMUČIAI, baltojo šokolado skonio, 170 g",
    "price": "1.89",
    "price_2": null,
    "extra_info": "2 ar daugiau su –25%"
  },
  {
    "image_url": "https://cdn.barbora.lt/products/4fdbde3c-3eb0-4457-be50-f4ebd38e714a_m.png",
    "title": "Kukurūzų traškučiai SANTA MARIA TEX MEX su sūriu, 475 g",
    "price": "5.89",
    "price_2": null,
    "extra_info": "2 ar daugiau su –50%"
  },
  {
    "image_url": "https://cdn.barbora.lt/products/1e386aea-cff7-46cb-8f0a-c44d5738b18b_m.png",
    "title": "Vaikiškas dantų šepetėlis ELMEX TRAINING, 0-3 metų, 1 vnt.",
    "price": "5.99",
    "price_2": null,
    "extra_info": "2 ar daugiau su –40%"
  },
  {
    "image_url": "https://cdn.barbora.lt/products/4967ad90-a888-47b3-8668-a7c290a314e8_m.png",
    "title": "Dantų šepetėlis JORDAN CLEAN SMILE MEDIUM, 1 vnt.",
    "price": "1.65",
    "price_2": null,
    "extra_info": "2 ar daugiau su –40%"
  },
  {
    "image_url": "https://cdn.barbora.lt/products/d0ecf1b6-a3c8-4220-92db-8234785f0b8f_m.png",
    "title": "Malti kardamonai SANTA MARIA, 35 g",
    "price": "5.19",
    "price_2": null,
    "extra_info": "2 ar daugiau su –50%"
  },
  {
    "image_url": "https://cdn.barbora.lt/products/4501bab2-5c6e-4371-8abf-980de7db467d_m.png",
    "title": "Kūdikių sausainiai PLASMON, 60 g, 6 mėn., 60 g",
    "price": "1.49",
    "price_2": null,
    "extra_info": "2 ar daugiau su –25%"
  },
  {
    "image_url": "https://cdn.barbora.lt/products/ce12f043-95a2-42d0-a65a-2fb5046d3710_m.png",
    "title": "Ekologiškas obuolių actas su ciberžolėmis ir imbierais DETOX, 500 ml",
    "price": "2.99",
    "price_2": "5,98€/l",
    "extra_info": "–21%"
  },
  {
    "image_url": "https://cdn.barbora.lt/products/c3589ef0-2c91-417d-8fa4-79f88d0486a5_m.png",
    "title": "Dantų pasta COLGATE TRIPLE ACTION, 75 ml",
    "price": "2.39",
    "price_2": null,
    "extra_info": "2 ar daugiau su –40%"
  },
  {
    "image_url": "https://cdn.barbora.lt/products/8f9dc701-5bfe-4b43-8d97-9671716b672b_m.png",
    "title": "Spanguolių arbatos koncentratas WELL DONE, 520 ml",
    "price": "7.49",
    "price_2": null,
    "extra_info": "2 ar daugiau su –25%"
  },
  {
    "image_url": "https://cdn.barbora.lt/products/becb3305-0d55-4c2b-8d14-c92138fad4d2_m.png",
    "title": "Šokoladiniai batonėliai LION STANDARD, 5 vnt., 150 g",
    "price": "2.99",
    "price_2": null,
    "extra_info": "2 ar daugiau su –25%"
  },
  {
    "image_url": "https://cdn.barbora.lt/products/c4e2ec25-e4fe-4394-88aa-5645ae213793_m.png",
    "title": "ZIGMO vytintos aliaskinių menkių lazdelės, 40 g",
    "price": "1.09",
    "price_2": "27,25€/kg",
    "extra_info": "–50%"
  },
  {
    "image_url": "https://cdn.barbora.lt/products/282e2331-7d41-4aa1-9b1a-931b44a7f0e3_m.png",
    "title": "GINTARINIAI vermišeliai su kiaušiniais, 400 g",
    "price": "0.64",
    "price_2": "1,6€/kg",
    "extra_info": "–35%"
  },
  {
    "image_url": "https://cdn.barbora.lt/products/82ce1afb-5f14-46e9-a5fe-f286cd1074d8_m.png",
    "title": "Juodoji arbata LIPTON EARL GREY CLASSIC TEA, 37.5 g",
    "price": "1.79",
    "price_2": "47,73€/kg",
    "extra_info": "–40%"
  },
  {
    "image_url": "https://cdn.barbora.lt/products/992c83e0-0cef-4d7e-a2d9-06c252d7a99d_m.png",
    "title": "ECODENTA daugiafunkcė dantų pasta su 7 žolelių ekstraktų 100 ml",
    "price": "3.65",
    "price_2": null,
    "extra_info": "2 ar daugiau su –40%"
  },
  {
    "image_url": "https://cdn.barbora.lt/products/b1587513-88ce-4c64-a275-aa784ea2d61d_m.png",
    "title": "Keturių rūšių pipirai KOTANYI, 16 g",
    "price": "1.04",
    "price_2": "65€/kg",
    "extra_info": "–30%"
  },
  {
    "image_url": "https://cdn.barbora.lt/products/6c4be4ce-cf0c-4663-b72a-aee6627f09f1_m.png",
    "title": "Imbierų, citr. ir medaus sk. žolelių arbata LOYD WARMING TEA, 40 g",
    "price": "2.99",
    "price_2": null,
    "extra_info": "2 ar daugiau su –25%"
  },
  {
    "image_url": "https://cdn.barbora.lt/products/8dad9b09-82d3-46f3-b5d9-2923e0346344_m.png",
    "title": "Alyvuogių aliejus EXTRA LIGHT BORGES, 750 ml",
    "price": "8.49",
    "price_2": "11,32€/l",
    "extra_info": "–32%"
  },
  {
    "image_url": "https://cdn.barbora.lt/products/050bdd41-fe88-4993-afb9-f144d3f8ab7e_m.png",
    "title": "Vaflinis batonėlis KEX, padengtas pieniniu šokoladu, 60 g",
    "price": "1.49",
    "price_2": null,
    "extra_info": "2 ar daugiau su –25%"
  },
  {
    "image_url": "https://cdn.barbora.lt/products/0a484ae5-4ba9-40ac-8a01-908a17459fb9_m.png",
    "title": "Traškučiai OHO! su aitriosiomis paprikomis, 60 g",
    "price": "0.65",
    "price_2": null,
    "extra_info": "2 už 0,99€"
  },
  {
    "image_url": "https://cdn.barbora.lt/products/7f8f518c-34ba-4615-bd15-ee8e0858e4c1_m.png",
    "title": "Gr.par.makaronai su grietinėlės ir rūkyt. kiaulienos pad., 50 g",
    "price": "1.01",
    "price_2": "20,2€/kg",
    "extra_info": "–40%"
  },
  {
    "image_url": "https://cdn.barbora.lt/products/5843f91d-8ada-470d-a32d-11b066cc2c0b_m.png",
    "title": "FORMINIAI sausainiai, 300 g",
    "price": "2.99",
    "price_2": null,
    "extra_info": "2 ar daugiau su –25%"
  },
  {
    "image_url": "https://cdn.barbora.lt/products/20bfe5e7-9d6b-4c40-8045-08eb913edc72_m.png",
    "title": "Šaltai rūkyta BAJORŲ dešra, a. r., 230 g",
    "price": "2.89",
    "price_2": "12,56€/kg",
    "extra_info": "–41%"
  },
  {
    "image_url": "https://cdn.barbora.lt/products/259fa08d-932d-4dd5-94e0-2f0cb3d461c7_m.png",
    "title": "Migdoliniai sausainiai BEGGININGS su moliūgais ir šalavijais, 80 g",
    "price": "2.24",
    "price_2": "28€/kg",
    "extra_info": "–25%"
  },
  {
    "image_url": "https://cdn.barbora.lt/products/23855dda-fbe8-4b74-bb11-6910efba1d2b_m.png",
    "title": "Dantų pasta ELMEX SENSITIVE WHITENING, 75 ml",
    "price": "7.99",
    "price_2": null,
    "extra_info": "2 ar daugiau su –40%"
  },
  {
    "image_url": "https://cdn.barbora.lt/products/d88e550f-9d9e-42bd-85cc-2ac4432a72b7_m.png",
    "title": "Vaflinės lazdelės OREO CHOCOLATE, 54 g, 54 g",
    "price": "1.19",
    "price_2": "22,04€/kg",
    "extra_info": "–40%"
  },
  {
    "image_url": "https://cdn.barbora.lt/products/1db373a3-ae59-4725-b570-98c4bf7e2906_m.png",
    "title": "Kūdikių šampūnas-prausiklis NEUTRAL BABY, 250 ml",
    "price": "2.29",
    "price_2": "9,16€/l",
    "extra_info": "–41%"
  },
  {
    "image_url": "https://cdn.barbora.lt/products/d6ec930a-20c2-430b-bcee-bad8828b6920_m.png",
    "title": "Atšildyta pangasijų filė (lot. Pangasianodon hypophthalmus), 180 g",
    "price": "2.59",
    "price_2": "14,39€/kg",
    "extra_info": "–26%"
  },
  {
    "image_url": "https://cdn.barbora.lt/products/90fc8cc5-c43a-4d13-80fb-11e5679b2dbb_m.png",
    "title": "Žolelių arbatos ir medaus rinkinys ETNO, 180 g",
    "price": "7.99",
    "price_2": null,
    "extra_info": "2 ar daugiau su –25%"
  },
  {
    "image_url": "https://cdn.barbora.lt/products/1cb8732c-da5a-4881-b66f-177e887a63f8_m.png",
    "title": "Žuvies prieskoniai su krapais, 25 g",
    "price": "0.99",
    "price_2": null,
    "extra_info": "2 ar daugiau su –50%"
  },
  {
    "image_url": "https://cdn.barbora.lt/products/80e87e41-4a8a-47eb-b018-3f89dc86da38_m.png",
    "title": "Kmynai SANTA MARIA, 20 g",
    "price": "0.99",
    "price_2": null,
    "extra_info": "2 ar daugiau su –50%"
  },
  {
    "image_url": "https://cdn.barbora.lt/products/00183ce3-e589-4298-8eb1-13179559b8d1_m.png",
    "title": "Juodoji arbata DILMAH, mėlynių ir vanilės skonio, 30 g",
    "price": "2.39",
    "price_2": null,
    "extra_info": "2 ar daugiau su –25%"
  },
  {
    "image_url": "https://cdn.barbora.lt/products/961267ea-1197-4647-afae-52f24b2f76e6_m.png",
    "title": "Vytinta BAJORŲ išpjova vakuume, a. r., 1 kg",
    "price": "14.39",
    "price_2": "14,39€/kg",
    "extra_info": "–40%"
  },
  {
    "image_url": "https://cdn.barbora.lt/products/90d9a50a-f022-4bc4-9d45-a7e269316b84_m.png",
    "title": "Sausainiai NUTELLA, 193 g",
    "price": "3.99",
    "price_2": null,
    "extra_info": "2 ar daugiau su –25%"
  },
  {
    "image_url": "https://cdn.barbora.lt/products/0dce4152-9217-497a-8d99-d83863430ceb_m.png",
    "title": "Sausainiai BOGUTTI su kokos., be pridėt. cukr., su saldikl., 135 g",
    "price": "2.25",
    "price_2": null,
    "extra_info": "2 ar daugiau su –25%"
  },
  {
    "image_url": "https://cdn.barbora.lt/products/f416f4bd-3da1-4c33-8f19-de4e8dcea78f_m.png",
    "title": "Dantų šepetėlis COLGATE LITTLE KIDS SMILES, 3-5 metai, 1 vnt.",
    "price": "2.59",
    "price_2": null,
    "extra_info": "2 ar daugiau su –40%"
  },
  {
    "image_url": "https://cdn.barbora.lt/products/4b7b17d6-1b6d-451a-95db-9bd73dfe163e_m.png",
    "title": "Baltyminis pieno kokteilis MAXI NUTRITION, šokolado skonio, 330 ml",
    "price": "1.61",
    "price_2": "4,88€/l",
    "extra_info": "–40%"
  },
  {
    "image_url": "https://cdn.barbora.lt/products/d7c42459-7252-45a4-8a2c-7f4f81cbf15b_m.png",
    "title": "Maži cukriniai vafliai, 280 g",
    "price": "2.69",
    "price_2": null,
    "extra_info": "2 ar daugiau su –25%"
  },
  {
    "image_url": "https://cdn.barbora.lt/products/b48ddb57-a733-4e39-b6fe-f33d7116811e_m.png",
    "title": "Skystasis muilas DOVE ORIGINAL, 250 ml",
    "price": "1.99",
    "price_2": "7,96€/l",
    "extra_info": "–50%"
  },
  {
    "image_url": "https://cdn.barbora.lt/products/e9c784f0-2371-4501-a573-8d4af3aa0003_m.png",
    "title": "NIVEA akių makiažo valiklis su grynu hialuronu, 125 ml",
    "price": "3.59",
    "price_2": "28,72€/l",
    "extra_info": "–51%"
  },
  {
    "image_url": "https://cdn.barbora.lt/products/b7d1ba6a-2b82-4ca4-b052-e1b2214a14f0_m.png",
    "title": "Akmens druska SANTA MARIA malūnėlyje, 140 g",
    "price": "4.49",
    "price_2": null,
    "extra_info": "2 ar daugiau su –50%"
  },
  {
    "image_url": "https://cdn.barbora.lt/products/6d24cebb-b106-4931-a1b3-1e3f32fc8547_m.png",
    "title": "GINTARINIAI makaronai su kiaušiniais (rageliai), 400 g",
    "price": "0.64",
    "price_2": "1,6€/kg",
    "extra_info": "–35%"
  },
  {
    "image_url": "https://cdn.barbora.lt/products/ae7a3a1f-5cab-402c-98d8-89e80c77c2a4_m.png",
    "title": "Brand. jautienos nugarinės kepsnys NEW YORK STRIP be kaulo, 240 g",
    "price": "6.99",
    "price_2": "29,13€/kg",
    "extra_info": "–30%"
  },
  {
    "image_url": "https://cdn.barbora.lt/products/86cb5208-414c-41c5-b475-f313754f3141_m.png",
    "title": "Vaikų šampūnas ir dušo želė BUBCHEN, 400 ml",
    "price": "8.09",
    "price_2": null,
    "extra_info": "2 ar daugiau su –40%"
  },
  {
    "image_url": "https://cdn.barbora.lt/products/a2215b8c-04a0-432b-ac16-95016a0f0921_m.png",
    "title": "NIVEA® Hairmilk Natural Shine žvilgesio suteikiantis šampūnas, 250 ml",
    "price": "2.39",
    "price_2": "9,56€/l",
    "extra_info": "–50%"
  },
  {
    "image_url": "https://cdn.barbora.lt/products/4574fbe3-2e71-4c18-975b-d179e1fbc866_m.png",
    "title": "Dantų pasta COLGATE ADVANCED CHARCOAL, 75 ml",
    "price": "3.49",
    "price_2": null,
    "extra_info": "2 ar daugiau su –40%"
  },
  {
    "image_url": "https://cdn.barbora.lt/products/7e92cf7f-b030-4eac-b80c-40fddf4e383d_m.png",
    "title": "NIVEA Dušo želė CARE & APRICOT, 500 ml",
    "price": "3.29",
    "price_2": "6,58€/l",
    "extra_info": "–52%"
  },
  {
    "image_url": "https://cdn.barbora.lt/products/5b19d9cc-104b-42a7-8f3c-3560d8ffaa22_m.png",
    "title": "Dantų pasta ORAL-B Pro-Expert, Professional Protection, 75ml",
    "price": "4.39",
    "price_2": null,
    "extra_info": "2 ar daugiau su –40%"
  },
  {
    "image_url": "https://cdn.barbora.lt/products/36240c9d-4fef-4944-9de2-c7e8f9b5ae2b_m.png",
    "title": "Dušo želė DOVE REPLENESHING, 400 ml",
    "price": "3.79",
    "price_2": "9,48€/l",
    "extra_info": "–51%"
  },
  {
    "image_url": "https://cdn.barbora.lt/products/e9e78684-0607-4d92-9ed8-d611c2e4ea7c_m.png",
    "title": "Vanilinis cukrus SANTA MARIA, 20 g",
    "price": "1.29",
    "price_2": null,
    "extra_info": "2 ar daugiau su –50%"
  },
  {
    "image_url": "https://cdn.barbora.lt/products/3200f555-52b0-44fb-8ec9-338cfd6c5805_m.png",
    "title": "Dantų protezų valiklis COREGA TABS BIO FORMULA, 30 vnt.",
    "price": "5.29",
    "price_2": null,
    "extra_info": "2 ar daugiau su –40%"
  },
  {
    "image_url": "https://cdn.barbora.lt/products/6d86a551-7c05-4afc-98a2-8d0a96bee8a3_m.png",
    "title": "Ekologiški grikių miltai EKOFRISA, 400 g",
    "price": "1.99",
    "price_2": "4,98€/kg",
    "extra_info": "–29%"
  },
  {
    "image_url": "https://cdn.barbora.lt/products/2b695bf3-3c2c-4ef0-b5a3-7fa399b98f45_m.png",
    "title": "Silpnai sūdyti silkių filė gabaliukai aliejuje su baravykais, 200 g",
    "price": "1.59",
    "price_2": "7,95€/kg",
    "extra_info": "–20%"
  },
  {
    "image_url": "https://cdn.barbora.lt/products/3afea91f-3e7d-48a1-ba29-9695cdb67621_m.png",
    "title": "Kakaviniai sausainiai MIO&RIO su vanilės skonio įdaru, 176 g",
    "price": "0.99",
    "price_2": null,
    "extra_info": "2 ar daugiau su –25%"
  },
  {
    "image_url": "https://cdn.barbora.lt/products/6fdd7f3a-36dd-4818-8171-9c93ef0468b2_m.png",
    "title": "Konservuotas kačių ėdalas LOVETT su paukštiena, 415 g",
    "price": "0.52",
    "price_2": "1,25€/kg",
    "extra_info": "–31%"
  },
  {
    "image_url": "https://cdn.barbora.lt/products/fb91025d-3f1f-49f3-8ce4-5a747e5a5a56_m.png",
    "title": "Viščiukų šlaunelių mėsos iešmeliai su prancūzišku marinatu, 480 g",
    "price": "4.79",
    "price_2": "9,98€/kg",
    "extra_info": "–20%"
  },
  {
    "image_url": "https://cdn.barbora.lt/products/0f519095-95cb-481c-b9ea-3494e51a707e_m.png",
    "title": "Dražė M&M'S su traškiu ryžių įdaru, 187 g",
    "price": "2.39",
    "price_2": "12,78€/kg",
    "extra_info": "–40%"
  },
  {
    "image_url": "https://cdn.barbora.lt/products/02f42557-fa5e-4272-aa39-794ffac685d5_m.png",
    "title": "Eko. Cannellini pupelės WELL DONE, 420g, 420 g",
    "price": "1.26",
    "price_2": "3€/kg",
    "extra_info": "–25%"
  },
  {
    "image_url": "https://cdn.barbora.lt/products/7528242b-c669-48e2-a35f-a5a71f5f165b_m.png",
    "title": "Vaikiška raminamoji vonelė su medetomis WELEDA, 200ml",
    "price": "14.39",
    "price_2": null,
    "extra_info": "2 ar daugiau su –40%"
  },
  {
    "image_url": "https://cdn.barbora.lt/products/a71a13f4-534d-4137-b3d7-0d978ba2cf3b_m.png",
    "title": "Česnakinė druska SANTA MARIA, 40 g",
    "price": "0.99",
    "price_2": null,
    "extra_info": "2 ar daugiau su –50%"
  },
  {
    "image_url": "https://cdn.barbora.lt/products/bd4e3ff2-889a-4c69-ad2e-804177eb7d8e_m.png",
    "title": "Moteriškas rutulinis dezodorantas REXONA ALOE VERA, 50 ml",
    "price": "2.09",
    "price_2": "41,8€/l",
    "extra_info": "–51%"
  },
  {
    "image_url": "https://cdn.barbora.lt/products/61f3e9ad-1f86-415a-9507-284ba6c8c55a_m.png",
    "title": "Arbata su avietėmis ir bananais ETNO KAKĖ MAKĖ, 20 vnt.",
    "price": "2.39",
    "price_2": null,
    "extra_info": "2 ar daugiau su –25%"
  },
  {
    "image_url": "https://cdn.barbora.lt/products/8cbf3e97-e3ed-42f6-9e46-31ed26b822ce_m.png",
    "title": "Vaistažolių arbata LOYD GOOD NIGHT'S SLEEP, 24 g",
    "price": "2.99",
    "price_2": null,
    "extra_info": "2 ar daugiau su –25%"
  },
  {
    "image_url": "https://cdn.barbora.lt/products/a068b956-7284-40e8-917e-522af73284fe_m.png",
    "title": "Vafliniai ritinėliai SELGA su kremo įdaru, 160 g",
    "price": "2.19",
    "price_2": null,
    "extra_info": "2 ar daugiau su –25%"
  },
  {
    "image_url": "https://cdn.barbora.lt/products/b130cec4-8fb8-4ffb-acb3-4e9790b0d83f_m.png",
    "title": "Traškučiai TALER su vytinta jautiena, 120 g",
    "price": "1.79",
    "price_2": null,
    "extra_info": "2 ar daugiau su –25%"
  },
  {
    "image_url": "https://cdn.barbora.lt/products/8db0bf87-b331-4fe7-8ae8-375f5ef16a0d_m.png",
    "title": "Kepinti javainiai BONA VITA su miško uogomis, 375 g",
    "price": "1.94",
    "price_2": "5,18€/kg",
    "extra_info": "–25%"
  },
  {
    "image_url": "https://cdn.barbora.lt/products/5fbce73d-4864-4ce3-a660-2acf2d890fa6_m.png",
    "title": "Keptas varškės sūris BBQ QUEEN su kmynais, citr. pip., 20 %, 230 g",
    "price": "2.99",
    "price_2": "13€/kg",
    "extra_info": "–33%"
  },
  {
    "image_url": "https://cdn.barbora.lt/products/97dc2854-0c0d-4b11-8d5d-7e2ab1b7ffc9_m.png",
    "title": "Melisų arbata EXTRA LINE 20x1.5 g, 30 g",
    "price": "0.39",
    "price_2": null,
    "extra_info": "2 ar daugiau su –25%"
  },
  {
    "image_url": "https://cdn.barbora.lt/products/09ff4c11-69ac-4a9d-8888-ce1412ec0279_m.png",
    "title": "Žiedlapių arbata HIBISCUS, 100 g",
    "price": "1.35",
    "price_2": null,
    "extra_info": "2 ar daugiau su –25%"
  },
  {
    "image_url": "https://cdn.barbora.lt/products/8da4be93-479e-455e-a4d0-22e95fb2a72a_m.png",
    "title": "Riestainiai TRADICINIAI JDC, 280 g",
    "price": "1.59",
    "price_2": null,
    "extra_info": "2 ar daugiau su –25%"
  },
  {
    "image_url": "https://cdn.barbora.lt/products/324fff93-70b9-4cce-ad63-86dc24ec53f5_m.png",
    "title": "Dantų šepetėlis ORAL-B Allrounder Black, Medium, 1 vnt.",
    "price": "1.69",
    "price_2": null,
    "extra_info": "2 ar daugiau su –40%"
  },
  {
    "image_url": "https://cdn.barbora.lt/products/5c8e69e3-4e02-4090-9ed7-5c74f5000759_m.png",
    "title": "Šaldyti koldūnai LIŪTUKAS su kiauliena ir čederiu, 400 g",
    "price": "1.94",
    "price_2": "4,85€/kg",
    "extra_info": "–50%"
  },
  {
    "image_url": "https://cdn.barbora.lt/products/4e2fa47c-5aba-429b-8685-e97b3d30733c_m.png",
    "title": "Visų grūdo dalių sausainiai su spanguolėmis WASA, 250 g",
    "price": "3.99",
    "price_2": null,
    "extra_info": "2 ar daugiau su –25%"
  },
  {
    "image_url": "https://cdn.barbora.lt/products/164f2acb-eda0-470b-809e-2b8b3670d3f1_m.png",
    "title": "Vytintas ispan. kumpis SERRANO WELL DONE, pjaust., nerūš., 500 g",
    "price": "12.99",
    "price_2": null,
    "extra_info": "2 ar daugiau su –20%"
  },
  {
    "image_url": "https://cdn.barbora.lt/products/b9c49fa5-7e9e-40d8-accc-bc7b9b40ed14_m.png",
    "title": "Skalbiamosios kapsulės L'ARBRE VERT jautrai odai, 24 skalb., 24 vnt.",
    "price": "8.79",
    "price_2": "0,37€/vnt.",
    "extra_info": "–40%"
  },
  {
    "image_url": "https://cdn.barbora.lt/products/c2263ebb-bbd3-4652-95fa-a0298416d758_m.png",
    "title": "Eko. raudon. pupelės WELL DONE, 425g, 425 g",
    "price": "1.26",
    "price_2": "2,97€/kg",
    "extra_info": "–25%"
  },
  {
    "image_url": "https://cdn.barbora.lt/products/78d18cbd-6940-4779-b2ff-0cb0fc5b9129_m.png",
    "title": "Juodoji arbata LIPTON CHAI, 34 g",
    "price": "2.09",
    "price_2": "61,47€/kg",
    "extra_info": "–40%"
  },
  {
    "image_url": "https://cdn.barbora.lt/products/14340795-f785-4efc-bbdd-a12ed8778abe_m.png",
    "title": "Vaflinis batonėlis KIT KAT CHUNKY FUNKY, 40 g",
    "price": "1.19",
    "price_2": null,
    "extra_info": "2 ar daugiau su –25%"
  },
  {
    "image_url": "https://cdn.barbora.lt/products/74b6c105-c829-4fcd-8d99-a1c242631fe5_m.png",
    "title": "NIVEA Valomosios juostelės nosies porų valymui",
    "price": "3.99",
    "price_2": "0,66€/vnt.",
    "extra_info": "–50%"
  },
  {
    "image_url": "https://cdn.barbora.lt/products/081a62b4-47eb-4cb2-8e41-35d13dd75acd_m.png",
    "title": "Grūsti juodieji pipirai SANTA MARIA, 18 g",
    "price": "1.49",
    "price_2": null,
    "extra_info": "2 ar daugiau su –50%"
  },
  {
    "image_url": "https://cdn.barbora.lt/products/4d30b948-7915-4c4a-a84d-b4498246ba96_m.png",
    "title": "Kepti javainiai BONA VITA su šokoladu, 375 g",
    "price": "1.86",
    "price_2": "4,96€/kg",
    "extra_info": "–25%"
  },
  {
    "image_url": "https://cdn.barbora.lt/products/0e8265b2-c69d-4da5-8d57-107748116932_m.png",
    "title": "ŽOLYNĖLIO žolelių arbata MEDETKŲ ŽIEDAI, 30 g",
    "price": "1.59",
    "price_2": null,
    "extra_info": "2 ar daugiau su –25%"
  },
  {
    "image_url": "https://cdn.barbora.lt/products/06876a7c-79d9-43b4-bd47-9d1236414c83_m.png",
    "title": "Vaikiškas dantų šepetėlis ORAL-B JUNIOR, 1 vnt.",
    "price": "2.99",
    "price_2": null,
    "extra_info": "2 ar daugiau su –40%"
  },
  {
    "image_url": "https://cdn.barbora.lt/products/1cba6028-48e0-4f37-9412-e48412f1f8cc_m.png",
    "title": "Juodoji arbata LIPTON GOLD, 37.5 g",
    "price": "1.73",
    "price_2": "46,14€/kg",
    "extra_info": "–40%"
  },
  {
    "image_url": "https://cdn.barbora.lt/products/215b6dce-b58f-4f76-9d82-7ac8079073ff_m.png",
    "title": "Gr. par. bulvių košė su krapais MAGGI, 50 g",
    "price": "1.01",
    "price_2": "20,2€/kg",
    "extra_info": "–40%"
  },
  {
    "image_url": "https://cdn.barbora.lt/products/71e234e5-1557-4928-b5e1-42cc8fc72d8f_m.png",
    "title": "Sausainiai BALVITEN su šokolado gabaliukais be glitimo, 130 g",
    "price": "2.15",
    "price_2": "16,54€/kg",
    "extra_info": "–20%"
  },
  {
    "image_url": "https://cdn.barbora.lt/products/bc78ef0f-74bf-429c-ad15-9e3f07d1f777_m.png",
    "title": "Vytintas jautienos TRADICINIS, 100 g",
    "price": "6.99",
    "price_2": null,
    "extra_info": "2 ar daugiau su –20%"
  },
  {
    "image_url": "https://cdn.barbora.lt/products/1786a1dd-8d62-4693-8c5d-9f3339064102_m.png",
    "title": "Konservuotas šunų ėdalas LOVETT su paukštiena ir jautiena, 400 g",
    "price": "1.32",
    "price_2": "3,3€/kg",
    "extra_info": "–30%"
  },
  {
    "image_url": "https://cdn.barbora.lt/products/76721cf5-f78a-4200-a9f9-be957a1cfddc_m.png",
    "title": "Lakštinė veido kaukė NIVEA SKIN MOISTURE, 1 vnt.",
    "price": "1.79",
    "price_2": "1,79€/vnt.",
    "extra_info": "–51%"
  },
  {
    "image_url": "https://cdn.barbora.lt/products/f4ad85e3-2251-4b70-a115-1b4acdebaae5_m.png",
    "title": "Karštai rūkytos BAJORŲ dešrelės, I. r., 530 g",
    "price": "2.19",
    "price_2": "4,13€/kg",
    "extra_info": "–41%"
  },
  {
    "image_url": "https://cdn.barbora.lt/products/1be65797-89de-4008-aad1-d5011d902f89_m.png",
    "title": "Kačių skanėstas DREAMIES su lašiša ir sūriu, 60 g, 60 g",
    "price": "1.95",
    "price_2": null,
    "extra_info": "2 už 1 kainą"
  },
  {
    "image_url": "https://cdn.barbora.lt/products/422d5531-61b0-4406-9768-199f92a312b5_m.png",
    "title": "ZIGMO vytintos karšių lazdelės, 40 g",
    "price": "1.09",
    "price_2": "27,25€/kg",
    "extra_info": "–50%"
  },
  {
    "image_url": "https://cdn.barbora.lt/products/729f0de7-7a02-4e56-9847-8b64aac98fe4_m.png",
    "title": "Universalusis marinatas SANTA MARIA BBQ, 75 g",
    "price": "0.95",
    "price_2": null,
    "extra_info": "2 ar daugiau su –50%"
  },
  {
    "image_url": "https://cdn.barbora.lt/products/3294f7b5-7f38-41b3-b7fe-c212b7780089_m.png",
    "title": "NIVEA Soft drėkinamasis kremas veidui, kūnui, rankoms, 200 ml",
    "price": "3.59",
    "price_2": "17,95€/l",
    "extra_info": "–50%"
  },
  {
    "image_url": "https://cdn.barbora.lt/products/556f4cc4-0197-4300-bc82-5b1328d0a135_m.png",
    "title": "NIVEA Fresh Natural Rutulinis dezodorantas moterims, 50 ml",
    "price": "2.39",
    "price_2": "47,8€/l",
    "extra_info": "–50%"
  },
  {
    "image_url": "https://cdn.barbora.lt/products/6c841dc1-82c7-4ec1-9c47-77111bf6ac22_m.png",
    "title": "Česnakinis pomidorų padažas SANTA MARIA TEX MEX TACO, 230 g",
    "price": "3.29",
    "price_2": null,
    "extra_info": "2 ar daugiau su –50%"
  },
  {
    "image_url": "https://cdn.barbora.lt/products/ff93997c-e756-474e-b087-c5cbb7261ab9_m.png",
    "title": "Karštai rūkytos atlantinių lašišų pažiaunės, 1 kg",
    "price": "2.59",
    "price_2": "2,59€/kg",
    "extra_info": "–21%"
  },
  {
    "image_url": "https://cdn.barbora.lt/products/13717a44-e57b-447a-ba4c-73a271a4e24f_m.png",
    "title": "Ekologiškos kvietinės kruopos EKOFRISA, 400 g",
    "price": "0.79",
    "price_2": "1,98€/kg",
    "extra_info": "–25%"
  },
  {
    "image_url": "https://cdn.barbora.lt/products/6804be1b-a5ec-4a65-b2c5-f3e660616f76_m.png",
    "title": "Prancūziški keksiukai MADELEINES su šokolado gabaliukais, 175 g",
    "price": "2.65",
    "price_2": null,
    "extra_info": "2 ar daugiau su –25%"
  },
  {
    "image_url": "https://cdn.barbora.lt/products/89a26b6d-5194-4cd2-ae32-b250d92f9c16_m.png",
    "title": "Moteriškas purškiamasis dezodorantas DOVE PEARL&ALOE, 150 ml",
    "price": "2.29",
    "price_2": "15,27€/l",
    "extra_info": "–50%"
  },
  {
    "image_url": "https://cdn.barbora.lt/products/458762f0-a4c3-4ab5-9a51-8e83c2f7fec9_m.png",
    "title": "NIVEA Protective Care Beeswax rankų kremas, 75 ml",
    "price": "1.69",
    "price_2": "22,53€/l",
    "extra_info": "–52%"
  },
  {
    "image_url": "https://cdn.barbora.lt/products/07bdd9a6-6ec4-4ffd-85fb-0e51330c85cf_m.png",
    "title": "Vaisinė arbata POSTI PREMIUM, miško uogų skonio, 50 g",
    "price": "1.99",
    "price_2": null,
    "extra_info": "2 ar daugiau su –25%"
  },
  {
    "image_url": "https://cdn.barbora.lt/products/e1580c85-bc9a-4804-b64a-b5b134ed2677_m.png",
    "title": "Spraginti kukurūzai su druska MR.CHECK, 100 g",
    "price": "1.69",
    "price_2": "16,9€/kg",
    "extra_info": "–15%"
  },
  {
    "image_url": "https://cdn.barbora.lt/products/5e863162-e4b5-4522-a459-185e4befa1e3_m.png",
    "title": "Plaukų šampūnas SYOSS Anti-Dandruff, 440 ml",
    "price": "7.49",
    "price_2": null,
    "extra_info": "2 ar daugiau su –40%"
  },
  {
    "image_url": "https://cdn.barbora.lt/products/17572a79-5902-4f3b-8f9b-3b4a3b3c915d_m.png",
    "title": "Šunų ėdalas LOVETT su paukštiena (dešra), 400 g",
    "price": "0.69",
    "price_2": "1,73€/kg",
    "extra_info": "–30%"
  },
  {
    "image_url": "https://cdn.barbora.lt/products/d5d1f311-7a98-4801-a10c-b213fd5e5762_m.png",
    "title": "Takų prieskoniai SANTA MARIA su aitriosiomis paprikomis, 28 g",
    "price": "1.69",
    "price_2": null,
    "extra_info": "2 ar daugiau su –50%"
  },
  {
    "image_url": "https://cdn.barbora.lt/products/3d5ee56d-aa0d-4527-9602-7b7b4cb48177_m.png",
    "title": "Juodoji arbata TWININGS LADY GREY, 50 g",
    "price": "5.29",
    "price_2": null,
    "extra_info": "2 ar daugiau su –25%"
  },
  {
    "image_url": "https://cdn.barbora.lt/products/7c542199-ba8a-4761-b054-5ae9b9c5b4d1_m.png",
    "title": "Dantų pasta BLEND A MED COMPLETE Protect 7 Extra Fresh, 75ml",
    "price": "2.79",
    "price_2": null,
    "extra_info": "2 ar daugiau su –40%"
  },
  {
    "image_url": "https://cdn.barbora.lt/products/d9a2c674-7ed3-4969-b91a-9526bc077c49_m.png",
    "title": "Dantų pasta COLGATE MAX WHITE SPARKLE DIAMONDS, 75 ml",
    "price": "3.49",
    "price_2": null,
    "extra_info": "2 ar daugiau su –40%"
  },
  {
    "image_url": "https://cdn.barbora.lt/products/5e0a75a6-c74c-4386-bc8e-bd3a11841ea5_m.png",
    "title": "Poliarinės duonelės su avižomis FAZER STREET FOOD, 310 g",
    "price": "2.49",
    "price_2": "8,03€/kg",
    "extra_info": "–19%"
  },
  {
    "image_url": "https://cdn.barbora.lt/products/fdf052c1-1024-4fa8-a5a5-56549a86c009_m.png",
    "title": "Virtas KLEBONIŠKAS kiaulienos vyniotinis, a. r., 330 g",
    "price": "2.99",
    "price_2": "9,06€/kg",
    "extra_info": "–25%"
  },
  {
    "image_url": "https://cdn.barbora.lt/products/2d3d5013-4b0c-405c-8a9e-310554a6d796_m.png",
    "title": "Sausainiai GRYBUKAI, 250 g",
    "price": "3.35",
    "price_2": null,
    "extra_info": "2 ar daugiau su –25%"
  },
  {
    "image_url": "https://cdn.barbora.lt/products/db17be38-b072-4908-b643-438745deba76_m.png",
    "title": "Ypač grynas alyvuogių aliejus BORGES EXTRA VIRGIN, 750 ml",
    "price": "8.99",
    "price_2": "11,99€/l",
    "extra_info": "–31%"
  },
  {
    "image_url": "https://cdn.barbora.lt/products/1c2302c4-86df-4fe2-abe5-2baa9c4bcc3a_m.png",
    "title": "Imbieriniai sausainiai ANNA'S, kavos skonio, 150 g",
    "price": "2.09",
    "price_2": null,
    "extra_info": "2 ar daugiau su –25%"
  },
  {
    "image_url": "https://cdn.barbora.lt/products/1b2fbfe4-6bc7-44cb-ac3c-4b6597708320_m.png",
    "title": "Vyriška dušo želė DOVE CLEAN COMFORT, 400 ml",
    "price": "2.99",
    "price_2": "7,48€/l",
    "extra_info": "–50%"
  },
  {
    "image_url": "https://cdn.barbora.lt/products/6df6d54f-bd1a-4645-bd3c-ea094b97591d_m.png",
    "title": "Vafliai SELGA, riešutų skonio, 90 g",
    "price": "0.95",
    "price_2": null,
    "extra_info": "2 ar daugiau su –25%"
  },
  {
    "image_url": "https://cdn.barbora.lt/products/1f082652-f9f3-4fa0-8f33-ff0cd4c79b10_m.png",
    "title": "Dantų siūlas DR. SMITH, 50 m.",
    "price": "1.1",
    "price_2": null,
    "extra_info": "2 ar daugiau su –40%"
  },
  {
    "image_url": "https://cdn.barbora.lt/products/5a256afb-e472-4f60-b6a6-6abac0614c54_m.png",
    "title": "GINTARINIAI visų grūdo dalių makaronai (sraigteliai), 400 g",
    "price": "0.64",
    "price_2": "1,6€/kg",
    "extra_info": "–35%"
  },
  {
    "image_url": "https://cdn.barbora.lt/products/2d0ccb27-3765-4fa1-aefa-4f1ef6d81f06_m.png",
    "title": "„Dreamies“ kačių skanėstai su sūriu,60g",
    "price": "1.95",
    "price_2": null,
    "extra_info": "2 už 1 kainą"
  },
  {
    "image_url": "https://cdn.barbora.lt/products/36f6b190-232a-409f-bb14-73ea8594991c_m.png",
    "title": "Moteriškos kojinės SPARTA, 1 vnt., 36-41 dydis",
    "price": "1.99",
    "price_2": "1,99€/vnt.",
    "extra_info": "–50%"
  },
  {
    "image_url": "https://cdn.barbora.lt/products/14f7b74f-e87d-4df7-a623-7395c9b72a25_m.png",
    "title": "Mėsos prieskoniai SANTA MARIA, 70 g",
    "price": "1.59",
    "price_2": null,
    "extra_info": "2 ar daugiau su –50%"
  },
  {
    "image_url": "https://cdn.barbora.lt/products/cd381808-6ca3-4498-8680-2f3dc4511c97_m.png",
    "title": "NIVEA® Hairmilk Shine kondicionierius, 200 ml",
    "price": "2.39",
    "price_2": "11,95€/l",
    "extra_info": "–50%"
  },
  {
    "image_url": "https://cdn.barbora.lt/products/1da872e0-d22c-4d8a-af88-fccc34aa2b57_m.png",
    "title": "Dantų pasta JORDAN „WHITE SMILE“, 75 ml",
    "price": "2.99",
    "price_2": null,
    "extra_info": "2 ar daugiau su –40%"
  },
  {
    "image_url": "https://cdn.barbora.lt/products/fd2efda7-97d6-4165-8228-33b3cf72c6ba_m.png",
    "title": "Vaflinis batonėlis KITKAT CHUNKY su baltuoju šokoladu, 40 g",
    "price": "1.19",
    "price_2": null,
    "extra_info": "2 ar daugiau su –25%"
  },
  {
    "image_url": "https://cdn.barbora.lt/products/45acd3e9-b894-433d-a80a-fabd8ca34b9c_m.png",
    "title": "Konservuotas kačių ėdalas LOVETT su jautiena, 415 g",
    "price": "0.52",
    "price_2": "1,25€/kg",
    "extra_info": "–31%"
  },
  {
    "image_url": "https://cdn.barbora.lt/products/096df739-0953-42ef-a986-fb75a6a65a3d_m.png",
    "title": "Dantų siūlas JORDAN EXPAND FRESH, 25 m.",
    "price": "3.49",
    "price_2": null,
    "extra_info": "2 ar daugiau su –40%"
  },
  {
    "image_url": "https://cdn.barbora.lt/products/fb604192-24b3-4756-a7bb-d2a773212f88_m.png",
    "title": "Vištienos sultinio kubeliai MAGGI su petražolėmis ir krapais, 80 g",
    "price": "0.47",
    "price_2": "5,88€/kg",
    "extra_info": "–41%"
  },
  {
    "image_url": "https://cdn.barbora.lt/products/3da5dcf1-17a2-4b30-8f27-190bfef61896_m.png",
    "title": "Baltyminis pieno kokteilis MAXI NUTRITION, vanilės skonio, 330 ml",
    "price": "1.61",
    "price_2": "4,88€/l",
    "extra_info": "–40%"
  },
  {
    "image_url": "https://cdn.barbora.lt/products/6e8af742-0d5f-468d-9ca9-6693b8ddb14d_m.png",
    "title": "Bulvių traškučiai TAFFEL, sūrio skonio, 130 g",
    "price": "1.04",
    "price_2": "8€/kg",
    "extra_info": "–50%"
  },
  {
    "image_url": "https://cdn.barbora.lt/products/de85cda6-60cb-444b-a777-493872b410f1_m.png",
    "title": "Krapai KOTANYI, 11 g",
    "price": "0.83",
    "price_2": "75,45€/kg",
    "extra_info": "–30%"
  },
  {
    "image_url": "https://cdn.barbora.lt/products/b17eba0f-77c5-45ac-aa14-c54b13fb7db2_m.png",
    "title": "Žalioji arbata LOYD GREEN PURE, 34 g",
    "price": "2.99",
    "price_2": null,
    "extra_info": "2 ar daugiau su –25%"
  },
  {
    "image_url": "https://cdn.barbora.lt/products/767d2d8f-bc2a-48ab-8d75-ddbe4f04b72d_m.png",
    "title": "Vafliai MIO&RIO su kakavos skonio kremo įdaru, 180 g, 180 g",
    "price": "0.99",
    "price_2": null,
    "extra_info": "2 ar daugiau su –25%"
  },
  {
    "image_url": "https://cdn.barbora.lt/products/d014d730-aece-42ca-b785-57dc297fe7cc_m.png",
    "title": "Vytinta ispaniška pjaustyta dešra ESPANA IBERICO, nerūš., 80 g",
    "price": "2.49",
    "price_2": null,
    "extra_info": "2 ar daugiau su –20%"
  },
  {
    "image_url": "https://cdn.barbora.lt/products/57356e84-375b-488c-9e93-d834eb286cd7_m.png",
    "title": "Pieninio šokolado dražė M&M'S MINIS, 176 g",
    "price": "2.39",
    "price_2": "13,58€/kg",
    "extra_info": "–40%"
  },
  {
    "image_url": "https://cdn.barbora.lt/products/0450be12-6c50-4b65-9b4d-38e9d1409830_m.png",
    "title": "Dušo želė DOVE SILKY VELVET, 450 ml",
    "price": "3.79",
    "price_2": "8,42€/l",
    "extra_info": "–50%"
  },
  {
    "image_url": "https://cdn.barbora.lt/products/2e15b0cf-58fb-4cd3-85a9-2a7e5bd9f2e7_m.png",
    "title": "ELSEVE šampūnas 400ml",
    "price": "7.39",
    "price_2": null,
    "extra_info": "2 ar daugiau su –40%"
  },
  {
    "image_url": "https://cdn.barbora.lt/products/fbbef058-2bbe-4d6f-bc01-ed9d826777e7_m.png",
    "title": "Moteriškas pieštukinis dezodorantas REXONA INVISIBLE PURE, 50 ml",
    "price": "2.09",
    "price_2": "41,8€/l",
    "extra_info": "–51%"
  },
  {
    "image_url": "https://cdn.barbora.lt/products/09b92071-5887-4c44-84ab-348e2b0b3168_m.png",
    "title": "Saulėgrąžų sviestas SUNFLY COCOA, 330 g",
    "price": "3.49",
    "price_2": "10,57€/kg",
    "extra_info": "–30%"
  },
  {
    "image_url": "https://cdn.barbora.lt/products/ffcba84b-2049-4020-ac39-0bc0d768c9bd_m.png",
    "title": "Tamsi 7 grūdų duona BALVITEN be glitimo, 250 g",
    "price": "2.15",
    "price_2": "8,6€/kg",
    "extra_info": "–20%"
  },
  {
    "image_url": "https://cdn.barbora.lt/products/d3a468e1-3256-49a6-beb6-cb06d3471ac9_m.png",
    "title": "Moteriškas purškiamasis dezodorantas REXONA COTTON, 150 ml",
    "price": "2.09",
    "price_2": "13,93€/l",
    "extra_info": "–51%"
  },
  {
    "image_url": "https://cdn.barbora.lt/products/7afd6b19-0283-493f-b6ad-1eee8d3e990d_m.png",
    "title": "Dantų pasta LACALUT BASIC, 75 ml",
    "price": "1.45",
    "price_2": "19,33€/l",
    "extra_info": "–37%"
  },
  {
    "image_url": "https://cdn.barbora.lt/products/e2e43eb7-65a8-407f-861f-512158f0da5c_m.png",
    "title": "Maži karameliniai vafliukai B&C, 200 g",
    "price": "2.79",
    "price_2": null,
    "extra_info": "2 ar daugiau su –25%"
  },
  {
    "image_url": "https://cdn.barbora.lt/products/553139e8-eb5d-4aa3-a9e5-4b3400b591f3_m.png",
    "title": "Vaikiška dantų pasta ECODENTA be fluoro, 75 ml",
    "price": "4.19",
    "price_2": null,
    "extra_info": "2 ar daugiau su –40%"
  },
  {
    "image_url": "https://cdn.barbora.lt/products/bcf1bc43-0553-4033-ad79-a9afceafcfae_m.png",
    "title": "Burnos skalavimo skystis NIDA su alavijų ekstraktu, 500 ml",
    "price": "3.29",
    "price_2": null,
    "extra_info": "2 ar daugiau su –40%"
  },
  {
    "image_url": "https://cdn.barbora.lt/products/0afbdd2e-4216-4461-9626-ffbdbf107d90_m.png",
    "title": "Vaisinė arbata PRESTO (VAISIŲ KOKTEILIS), 90 g",
    "price": "2.19",
    "price_2": null,
    "extra_info": "2 ar daugiau su –25%"
  },
  {
    "image_url": "https://cdn.barbora.lt/products/560d0b1c-a49b-46af-a63e-373e5dd806ee_m.png",
    "title": "NIVEA Pearl&Beauty \"Fine Fragrance\" purškiamas antiperspirantas moterims, 150 ml",
    "price": "2.39",
    "price_2": "15,93€/l",
    "extra_info": "–50%"
  },
  {
    "image_url": "https://cdn.barbora.lt/products/7a85e4e5-ec59-477f-bfd3-a2cad3fb78d9_m.png",
    "title": "Avižiniai sausainiai KIDDY su pieniniu šokoladu, 210 g",
    "price": "2.29",
    "price_2": null,
    "extra_info": "2 ar daugiau su –25%"
  },
  {
    "image_url": "https://cdn.barbora.lt/products/fc3e6da1-b72e-41fb-a17b-6e78acff49f4_m.png",
    "title": "Ledinukai HALLS COLORS, 33.5 g",
    "price": "0.89",
    "price_2": null,
    "extra_info": "2 už 1,19€"
  },
  {
    "image_url": "https://cdn.barbora.lt/products/53376346-d98c-42ff-ad30-b3919eab1c9d_m.png",
    "title": "GARLIAVOS DUONOS sausainiai RIEŠUTĖLIS, 350 g",
    "price": "3.29",
    "price_2": null,
    "extra_info": "2 ar daugiau su –25%"
  },
  {
    "image_url": "https://cdn.barbora.lt/products/377d40b0-6949-449d-aa37-085973699526_m.png",
    "title": "Skalb. milteliai PERSIL EXPERT FRESHNESS BY SILAN, 36 skalb., 1.98 kg",
    "price": "9.59",
    "price_2": "4,85€/kg",
    "extra_info": "–40%"
  },
  {
    "image_url": "https://cdn.barbora.lt/products/b52ba7cb-352f-4de1-ad65-331ede4e1e52_m.png",
    "title": "Vytinta ispaniška čioriso dešra ESPANA IBERICO, nerūš., 80 g",
    "price": "2.59",
    "price_2": null,
    "extra_info": "2 ar daugiau su –20%"
  },
  {
    "image_url": "https://cdn.barbora.lt/products/9a10f7f5-f538-450f-804c-45fbcaaa964d_m.png",
    "title": "NIVEA® Ultra Strong plaukų lakas, 250 ml",
    "price": "3.59",
    "price_2": "14,36€/l",
    "extra_info": "–50%"
  },
  {
    "image_url": "https://cdn.barbora.lt/products/8f6fcfdb-aaa8-4d45-ae3c-43134c9631a8_m.png",
    "title": "Dantų šepetėlis ORAL-B Kids 0-6y, Extra soft, 1 vnt.",
    "price": "2.99",
    "price_2": null,
    "extra_info": "2 ar daugiau su –40%"
  },
  {
    "image_url": "https://cdn.barbora.lt/products/74c34871-7eec-4e00-b9ec-412911b855ce_m.png",
    "title": "Vaikiškas šampūnas TINDI su ramunėlių ekstraktu, nuo gimimo, 210 ml",
    "price": "1.69",
    "price_2": null,
    "extra_info": "2 ar daugiau su –40%"
  },
  {
    "image_url": "https://cdn.barbora.lt/products/05092420-2f8d-4287-94a3-c5dce84973f0_m.png",
    "title": "Plaukų šampūnas PANTENE Intensive Repair Active Nutri-Plex, 400 ml",
    "price": "6.99",
    "price_2": null,
    "extra_info": "2 ar daugiau su –40%"
  },
  {
    "image_url": "https://cdn.barbora.lt/products/92f3ce52-8585-47d2-98d6-7b017c3121a9_m.png",
    "title": "Sausasis plaukų šampūnas BATISTE ORIGINAL, 200 ml",
    "price": "5.59",
    "price_2": null,
    "extra_info": "2 ar daugiau su –40%"
  },
  {
    "image_url": "https://cdn.barbora.lt/products/7ae413cf-2f45-442e-a997-2b503f8fa694_m.png",
    "title": "NIVEA raminantis micelinis vanduo su aminorūgštimi ir dekspantenoliu jautriai odai, 400 ml",
    "price": "4.39",
    "price_2": "10,98€/l",
    "extra_info": "–50%"
  },
  {
    "image_url": "https://cdn.barbora.lt/products/00be451d-c051-46b1-9179-cfdb89e66163_m.png",
    "title": "Žalioji arbata JAZMINAS, 80 g",
    "price": "2.19",
    "price_2": null,
    "extra_info": "2 ar daugiau su –25%"
  },
  {
    "image_url": "https://cdn.barbora.lt/products/abc809bb-68ea-4ce4-a9d5-d2bf02b6bf32_m.png",
    "title": "Jautrių dantų pasta NIDA su alavijų ekstraktu, 100 ml",
    "price": "2.89",
    "price_2": null,
    "extra_info": "2 ar daugiau su –40%"
  },
  {
    "image_url": "https://cdn.barbora.lt/products/881cf053-7235-4307-ac6d-bee8e2a4a9c1_m.png",
    "title": "Sausas šunų ėdalas LOVETT su jautiena, 3 kg",
    "price": "3.49",
    "price_2": "1,16€/kg",
    "extra_info": "–30%"
  },
  {
    "image_url": "https://cdn.barbora.lt/products/b9874b60-dbc1-43d2-9070-7a8446be784b_m.png",
    "title": "KILIG MOISTURIZING intensyviai plaukus drėkinantis kondicionierius 200 ml",
    "price": "4.25",
    "price_2": null,
    "extra_info": "2 ar daugiau su –40%"
  },
  {
    "image_url": "https://cdn.barbora.lt/products/6252270d-de01-41f9-b5d3-be01c271fed4_m.png",
    "title": "Dantų šepetėliai JORDAN ULTRALITE SOFT, 2 vnt., 2 vnt.",
    "price": "3.79",
    "price_2": null,
    "extra_info": "2 ar daugiau su –40%"
  },
  {
    "image_url": "https://cdn.barbora.lt/products/189e8f20-56a3-4fc6-b94f-6d11824dd087_m.png",
    "title": "HISKIN Crazy Hair Giliai valantis šampūnas su laimų ir kivių aromatu, 300 ml",
    "price": "6.99",
    "price_2": null,
    "extra_info": "2 ar daugiau su –40%"
  },
  {
    "image_url": "https://cdn.barbora.lt/products/ba950546-e1fe-4e2d-9716-ef504fad96dd_m.png",
    "title": "Maltos ciberžolės SANTA MARIA, 32 g",
    "price": "1.49",
    "price_2": null,
    "extra_info": "2 ar daugiau su –50%"
  },
  {
    "image_url": "https://cdn.barbora.lt/products/58ad4616-cdb3-4ffe-8ac7-1dc812057827_m.png",
    "title": "Šaldytos cukinijų lazdelės tempuroje MAHESO, 300 g",
    "price": "2.99",
    "price_2": "9,97€/kg",
    "extra_info": "–19%"
  },
  {
    "image_url": "https://cdn.barbora.lt/products/1b74e302-75eb-4cc8-b736-e6d7c9b26036_m.png",
    "title": "ZIGMO vytintos jūrinių lydekų lazdelės, 40 g",
    "price": "1.09",
    "price_2": "27,25€/kg",
    "extra_info": "–50%"
  },
  {
    "image_url": "https://cdn.barbora.lt/products/38c687aa-18fe-449f-ac6d-352420a598cf_m.png",
    "title": "L'Oréal Paris ELSEVE Glycolic Gloss CORE šampūnas. 400 ml",
    "price": "7.39",
    "price_2": null,
    "extra_info": "2 ar daugiau su –40%"
  },
  {
    "image_url": "https://cdn.barbora.lt/products/4236a546-7cbb-4fc5-a0c6-9d360a9587f4_m.png",
    "title": "Ledinukai HALLS COOLWAVE, 33.5 g",
    "price": "0.89",
    "price_2": null,
    "extra_info": "2 už 1,19€"
  },
  {
    "image_url": "https://cdn.barbora.lt/products/3afc8905-c8f8-4088-a08b-ab92bc1d03c4_m.png",
    "title": "Želatina SANTA MARIA, 25 g",
    "price": "1.39",
    "price_2": null,
    "extra_info": "2 ar daugiau su –50%"
  },
  {
    "image_url": "https://cdn.barbora.lt/products/932dff76-ded1-4c37-b9ce-fa3eb361400a_m.png",
    "title": "Vaisinė arbata LOYD, aviečių ir braškių skonio, 100 g",
    "price": "5.39",
    "price_2": null,
    "extra_info": "2 ar daugiau su –25%"
  },
  {
    "image_url": "https://cdn.barbora.lt/products/f7683f90-2c1d-4ee3-8a38-c7e96d4efdba_m.png",
    "title": "Juodoji arbata LIPTON ENGLISH BREAKFAST, 50 g",
    "price": "1.79",
    "price_2": "35,8€/kg",
    "extra_info": "–40%"
  },
  {
    "image_url": "https://cdn.barbora.lt/products/94a36784-4fda-4b90-8af9-c5c8897d7db3_m.png",
    "title": "NIVEA MEN CREME kremas veidui, rankoms ir kūnui, 75 ml",
    "price": "2.09",
    "price_2": "27,87€/l",
    "extra_info": "–50%"
  },
  {
    "image_url": "https://cdn.barbora.lt/products/928425c7-7929-4fd5-adad-6abca93813ed_m.png",
    "title": "Žalioji arbata LIPTON su mėlynėmis ir ožerškio uogomis, 28 g",
    "price": "2.09",
    "price_2": "74,64€/kg",
    "extra_info": "–40%"
  },
  {
    "image_url": "https://cdn.barbora.lt/products/07fc849d-6ebb-4aee-8268-8362cc769a94_m.png",
    "title": "Avižiniai sausainiai be glitimo AVENA - OAT BISCUITS, 0.13 kg",
    "price": "2.99",
    "price_2": null,
    "extra_info": "2 ar daugiau su –25%"
  },
  {
    "image_url": "https://cdn.barbora.lt/products/bcb3ee82-ea6b-4938-8510-27ff844d88eb_m.png",
    "title": "Česnakiniai pipirai SANTA MARIA, 70 g",
    "price": "2.59",
    "price_2": null,
    "extra_info": "2 ar daugiau su –50%"
  },
  {
    "image_url": "https://cdn.barbora.lt/products/5ecef8a2-d17b-43e5-bd95-0e1ae3cd17c9_m.png",
    "title": "Žolelių mišinys SANTA MARIA, 29 g",
    "price": "1.59",
    "price_2": null,
    "extra_info": "2 ar daugiau su –50%"
  },
  {
    "image_url": "https://cdn.barbora.lt/products/f77daf88-428a-44a0-903f-5f0f2df81dd6_m.png",
    "title": "Baltoji arbata BALTAS ANGELAS, 50 g",
    "price": "2.99",
    "price_2": null,
    "extra_info": "2 ar daugiau su –25%"
  },
  {
    "image_url": "https://cdn.barbora.lt/products/45fd3d77-ecba-4605-96b0-55ae375731da_m.png",
    "title": "Krevečių pasta ZIGMAS su avokadais, 160 g",
    "price": "2.39",
    "price_2": "14,94€/kg",
    "extra_info": "–27%"
  },
  {
    "image_url": "https://cdn.barbora.lt/products/1fa65d6a-45a8-407d-8791-f6de7e3a2442_m.png",
    "title": "Gaz.citrinų ir šeivamedžių skonio gėr. FANTA SHOKATA ZERO, 500 ml",
    "price": "1.29",
    "price_2": null,
    "extra_info": "2 už 1,89€"
  },
  {
    "image_url": "https://cdn.barbora.lt/products/66ee5fce-38c5-4ffe-9c08-9b9b8fff161e_m.png",
    "title": "Skystasis muilas DOVE RENEWING, 250 ml",
    "price": "1.99",
    "price_2": "7,96€/l",
    "extra_info": "–50%"
  },
  {
    "image_url": "https://cdn.barbora.lt/products/2f4c2127-40a2-42ab-a615-ef4a97bc8f91_m.png",
    "title": "Žalioji arbata LOYD, mėtos ir aviečių skonio, 30 g",
    "price": "2.99",
    "price_2": null,
    "extra_info": "2 ar daugiau su –25%"
  },
  {
    "image_url": "https://cdn.barbora.lt/products/30663c33-da8c-435f-b00f-6bbbb0ec718a_m.png",
    "title": "Vaisinė arbata ŽOLYNĖLIS su imbieru ir citrinomis, 100 g",
    "price": "4.49",
    "price_2": null,
    "extra_info": "2 ar daugiau su –25%"
  },
  {
    "image_url": "https://cdn.barbora.lt/products/d2309809-51af-46f0-9ec3-0d709c41dbb6_m.png",
    "title": "Juodoji arbata EXTRA LINE 20x1.5 g, 30 g",
    "price": "0.34",
    "price_2": null,
    "extra_info": "2 ar daugiau su –25%"
  },
  {
    "image_url": "https://cdn.barbora.lt/products/e3afae03-b2ea-4d13-8801-93b778fe167f_m.png",
    "title": "Skalbimo kapsulės \"PERSIL DISCS Universal\" 60 vnt.",
    "price": "19.19",
    "price_2": "0,32€/vnt.",
    "extra_info": "–40%"
  },
  {
    "image_url": "https://cdn.barbora.lt/products/cd336b59-463c-4acf-ad6c-95880380655d_m.png",
    "title": "NIVEA® Volume Strength šampūnas, 250 ml",
    "price": "2.19",
    "price_2": "8,76€/l",
    "extra_info": "–51%"
  },
  {
    "image_url": "https://cdn.barbora.lt/products/6f8e2920-5daa-496d-9564-f1e741f5e531_m.png",
    "title": "Dantų pasta BIOREPAIR PRO WHITE, 75 ml",
    "price": "7.29",
    "price_2": null,
    "extra_info": "2 ar daugiau su –40%"
  },
  {
    "image_url": "https://cdn.barbora.lt/products/d51c47d4-e88b-49a4-a8cf-c6ccf7b888d5_m.png",
    "title": "Makaronai LAMOLISANA (sraigteliai, Nr. 28), 500 g",
    "price": "1.19",
    "price_2": "2,38€/kg",
    "extra_info": "–40%"
  },
  {
    "image_url": "https://cdn.barbora.lt/products/4fcc6bb2-094b-4416-82a8-b5b50339d64d_m.png",
    "title": "Vaikiškas šampūnas-prausiklis TINDI, 475 ml",
    "price": "3.79",
    "price_2": null,
    "extra_info": "2 ar daugiau su –40%"
  },
  {
    "image_url": "https://cdn.barbora.lt/products/801d4e39-90ec-422f-a463-f810bdb70cfb_m.png",
    "title": "Moteriškos kojinės SPARTA, 2 poros, 36-41 dydis, juodos, 2 vnt.",
    "price": "3.74",
    "price_2": "1,87€/vnt.",
    "extra_info": "–50%"
  },
  {
    "image_url": "https://cdn.barbora.lt/products/de7a3485-3fe5-4488-99f9-9c44a8725414_m.png",
    "title": "Karštai rūkyti viščiukų broilerių kakliukai, nerūš., 300 g",
    "price": "2.09",
    "price_2": "6,97€/kg",
    "extra_info": "–30%"
  },
  {
    "image_url": "https://cdn.barbora.lt/products/3e556ae6-49fd-4151-a052-488b0f6bcc6a_m.png",
    "title": "Kukurūzų traškučiai TAFFEL KETCHUP BALLS, kečupo skonio, 165 g",
    "price": "1.39",
    "price_2": "8,42€/kg",
    "extra_info": "–50%"
  },
  {
    "image_url": "https://cdn.barbora.lt/products/50c605f7-97b4-44e6-a5a8-f48dcab2f572_m.png",
    "title": "Juodoji arbata LIPTON EARL GREY, 32 g",
    "price": "2.09",
    "price_2": "65,31€/kg",
    "extra_info": "–40%"
  },
  {
    "image_url": "https://cdn.barbora.lt/products/2dddff2d-9d27-4f5e-b7bf-3fc009417421_m.png",
    "title": "Traškūs kukurūzų traškučiai SANTA MARIA, sūrio skonio, 185 g",
    "price": "2.59",
    "price_2": null,
    "extra_info": "2 ar daugiau su –50%"
  },
  {
    "image_url": "https://cdn.barbora.lt/products/ca861fda-e3c4-489c-b3c0-be9d6f1192a8_m.png",
    "title": "Moteriškas pieštukinis dezodorantas DOVE POMEGRANATE, 50 ml",
    "price": "1.99",
    "price_2": "39,8€/l",
    "extra_info": "–50%"
  },
  {
    "image_url": "https://cdn.barbora.lt/products/92879313-0cbb-4c9d-93a9-8aa51b59c1a3_m.png",
    "title": "Balta duona BALVITEN be glitimo, 250 g",
    "price": "2.15",
    "price_2": "8,6€/kg",
    "extra_info": "–20%"
  },
  {
    "image_url": "https://cdn.barbora.lt/products/aa6b6255-8f50-4e47-868b-0fa748f9b0d2_m.png",
    "title": "Vištienos ir kepsnių prieskoniai SANTA MARIA malūnėlyje, 75 g",
    "price": "4.49",
    "price_2": null,
    "extra_info": "2 ar daugiau su –50%"
  },
  {
    "image_url": "https://cdn.barbora.lt/products/cf4ba352-8d48-4055-94b6-ee377218dfae_m.png",
    "title": "Žalioji arbata LOYD, apelsinų ir mandarinų skonio, 34 g",
    "price": "2.99",
    "price_2": null,
    "extra_info": "2 ar daugiau su –25%"
  },
  {
    "image_url": "https://cdn.barbora.lt/products/967f8aec-c943-4805-be21-f1967d4fee84_m.png",
    "title": "Rankų kremas NEUTROGENA, 75 ml",
    "price": "3.59",
    "price_2": "47,87€/l",
    "extra_info": "–31%"
  },
  {
    "image_url": "https://cdn.barbora.lt/products/21620452-9496-4147-81e5-373da3c90e07_m.png",
    "title": "Sūrio padažo mišinys SANTA MARIA TEX MEX, 16 g",
    "price": "1.29",
    "price_2": null,
    "extra_info": "2 ar daugiau su –50%"
  },
  {
    "image_url": "https://cdn.barbora.lt/products/05cae878-73b9-486e-8b65-0abedeeae0ce_m.png",
    "title": "Dantų šepetėlis SENSODYNE MULTICARE SOFT, 1 vnt.",
    "price": "3.49",
    "price_2": null,
    "extra_info": "2 ar daugiau su –40%"
  },
  {
    "image_url": "https://cdn.barbora.lt/products/bcdd938f-72a7-4426-b8ea-dee83befef00_m.png",
    "title": "Gr.par.makaronai grietinėlės ir pomidorų pad. MAGGI, 62 g",
    "price": "1.01",
    "price_2": "16,29€/kg",
    "extra_info": "–40%"
  },
  {
    "image_url": "https://cdn.barbora.lt/products/604c99ba-06c2-407a-a489-d755c639e0e7_m.png",
    "title": "Kukurūzų traškučiai TAFFEL NACHO CHEESE BALLS, sūrio skonio, 110 g",
    "price": "1.09",
    "price_2": "9,91€/kg",
    "extra_info": "–50%"
  },
  {
    "image_url": "https://cdn.barbora.lt/products/7eaa5d51-fd13-48b9-82d2-4307483dc583_m.png",
    "title": "Tarkuotas augalinės kilmės gaminių mišinys GOURMET GREEN, 150 g",
    "price": "1.59",
    "price_2": "10,6€/kg",
    "extra_info": "–20%"
  },
  {
    "image_url": "https://cdn.barbora.lt/products/f7ffe7b4-df0f-455a-b869-448e0c413c42_m.png",
    "title": "Skystasis skalbiklis L'ARBRE VERT jautriai odai, 34 skalb., 1.53 l",
    "price": "8.49",
    "price_2": "5,55€/l",
    "extra_info": "–40%"
  },
  {
    "image_url": "https://cdn.barbora.lt/products/1a2dcf80-1297-4a68-ab1e-130ec2edc5c4_m.png",
    "title": "Virtas kalakutienos krūtinėlės kumpis sumuštiniams, nerūšinis, 1 kg",
    "price": "10.99",
    "price_2": "10,99€/kg",
    "extra_info": "–12%"
  },
  {
    "image_url": "https://cdn.barbora.lt/products/55593d74-cdea-41b0-b2ad-c10ac0dc4be6_m.png",
    "title": "Sausainiai MERBA, šokolado skonio, 150 g",
    "price": "2.29",
    "price_2": null,
    "extra_info": "2 ar daugiau su –25%"
  },
  {
    "image_url": "https://cdn.barbora.lt/products/1ce64860-e80f-4e75-9591-e27423559ec9_m.png",
    "title": "Rankų kremas NEUTROGENA, 75 ml",
    "price": "4.39",
    "price_2": "58,54€/l",
    "extra_info": "–30%"
  },
  {
    "image_url": "https://cdn.barbora.lt/products/5914ce87-e241-45b3-bc29-ba95570504c1_m.png",
    "title": "Sausi kakavos skonio pusryčiai NESTLE CHOCAPIC, 375 g",
    "price": "2.39",
    "price_2": "6,37€/kg",
    "extra_info": "–40%"
  },
  {
    "image_url": "https://cdn.barbora.lt/products/aba892d4-1581-4227-b4ed-0926ed221dea_m.png",
    "title": "Prancūziški keksiukai MADELEINES, 175 g",
    "price": "2.49",
    "price_2": null,
    "extra_info": "2 ar daugiau su –25%"
  },
  {
    "image_url": "https://cdn.barbora.lt/products/4db4275f-386f-432a-9bdc-8b1a7846b24f_m.png",
    "title": "Malti juodieji pipirai SANTA MARIA, 45 g",
    "price": "3.29",
    "price_2": null,
    "extra_info": "2 ar daugiau su –50%"
  },
  {
    "image_url": "https://cdn.barbora.lt/products/367a51d7-2b67-4942-82d0-b305f0534f23_m.png",
    "title": "Vaisinė arbata POSTI PREMIUM (braškių ir aviečių), 50 g",
    "price": "1.99",
    "price_2": null,
    "extra_info": "2 ar daugiau su –25%"
  },
  {
    "image_url": "https://cdn.barbora.lt/products/52d6b65d-392b-4f4a-8a18-2153e36eef9c_m.png",
    "title": "Greitai paruošiami makaronai MAGGI, aštrios vištienos skonio, 59.2 g",
    "price": "0.47",
    "price_2": "7,94€/kg",
    "extra_info": "–41%"
  },
  {
    "image_url": "https://cdn.barbora.lt/products/aeaabc98-0c5b-4907-b5b3-7f77c622fc67_m.png",
    "title": "Vaflinis batonėlis KNOPPERS, žemės riešutų skonio, 40 g",
    "price": "0.99",
    "price_2": null,
    "extra_info": "2 ar daugiau su –25%"
  },
  {
    "image_url": "https://cdn.barbora.lt/products/2f599681-46fe-4e64-b0b4-8749be46bf50_m.png",
    "title": "TAFFEL kreminio grybų padažo skonio bulvių traškučiai, 130 g",
    "price": "1.04",
    "price_2": "8€/kg",
    "extra_info": "–50%"
  },
  {
    "image_url": "https://cdn.barbora.lt/products/5a526de7-4510-4d37-bd7e-c7aa1565fe31_m.png",
    "title": "Raudonųjų lašišų ikrai ALASKA SEAFOOD, 95 g",
    "price": "5.49",
    "price_2": "57,79€/kg",
    "extra_info": "–50%"
  },
  {
    "image_url": "https://cdn.barbora.lt/products/2647f4e6-056f-490a-8869-df3dea896369_m.png",
    "title": "Skalbiamasis gelis PERSIL ACTIVE, 22 skalb., 990 ml",
    "price": "5.29",
    "price_2": "5,34€/l",
    "extra_info": "–40%"
  },
  {
    "image_url": "https://cdn.barbora.lt/products/ae6806cd-084a-420d-9de8-834ebcf0113a_m.png",
    "title": "Kokosiniai traškūs vafliai be glitimo, 140 g",
    "price": "3.99",
    "price_2": null,
    "extra_info": "2 ar daugiau su –25%"
  },
  {
    "image_url": "https://cdn.barbora.lt/products/0433e8ca-04e1-4d1a-a0ce-1b821ce22ce7_m.png",
    "title": "HISKIN Crazy Hair Protein kondicionierius garbanotiems ir šiurkštiems plaukams su šokolado aromatu,",
    "price": "6.99",
    "price_2": null,
    "extra_info": "2 ar daugiau su –40%"
  },
  {
    "image_url": "https://cdn.barbora.lt/products/13d18afc-dbba-4f5a-9d25-f5c6fb841713_m.png",
    "title": "Saulėgrąžų sviestas SUNFLY CRUNCHY, 330 g",
    "price": "3.49",
    "price_2": "10,57€/kg",
    "extra_info": "–30%"
  },
  {
    "image_url": "https://cdn.barbora.lt/products/4772d500-812d-405a-a956-a69006eadae4_m.png",
    "title": "Saulėgrąžų sviestas SUNFLY SWEET SALTY, 330 g",
    "price": "3.49",
    "price_2": "10,57€/kg",
    "extra_info": "–30%"
  },
  {
    "image_url": "https://cdn.barbora.lt/products/e978f35a-c7dc-4d33-b469-b3fd840f7c67_m.png",
    "title": "Juodoji arbata BATIK, 100 g",
    "price": "1.19",
    "price_2": null,
    "extra_info": "2 ar daugiau su –25%"
  },
  {
    "image_url": "https://cdn.barbora.lt/products/ef273b63-d83b-4519-9a81-b288d2cda7aa_m.png",
    "title": "Žuvies prieskoninių žolelių mišinys SANTA MARIA, 15 g",
    "price": "0.99",
    "price_2": null,
    "extra_info": "2 ar daugiau su –50%"
  },
  {
    "image_url": "https://cdn.barbora.lt/products/00ebc6fc-16eb-4fe8-8324-90e66746e310_m.png",
    "title": "Žalioji arbata TWININGS GUNPOWDER, 100 g",
    "price": "6.29",
    "price_2": null,
    "extra_info": "2 ar daugiau su –25%"
  },
  {
    "image_url": "https://cdn.barbora.lt/products/09c8f7d2-6efe-40c1-9a58-ec8e31dcc64a_m.png",
    "title": "NIVEA Dušo želė vyrams  SENSITIVE, 250 ml",
    "price": "2.09",
    "price_2": "8,36€/l",
    "extra_info": "–50%"
  },
  {
    "image_url": "https://cdn.barbora.lt/products/2e84ca81-9899-408e-b6d5-ae723081f92d_m.png",
    "title": "Pyragėlis BARNI su pieniniu įdaru, 30 g",
    "price": "0.65",
    "price_2": null,
    "extra_info": "2 ar daugiau su –25%"
  },
  {
    "image_url": "https://cdn.barbora.lt/products/e99d6bd6-fd4f-4486-b914-378e3446bbc7_m.png",
    "title": "Dantų šepetėlis COLGATE MAX WHITE SOFT, 1 vnt.",
    "price": "2.99",
    "price_2": null,
    "extra_info": "2 ar daugiau su –40%"
  },
  {
    "image_url": "https://cdn.barbora.lt/products/315411d3-9147-4dda-8530-d05e447f7d08_m.png",
    "title": "Dantų šepetėlis JORDAN CLEAN BETWEEN ULTRA SOFT, 1 vnt.",
    "price": "2.69",
    "price_2": null,
    "extra_info": "2 ar daugiau su –40%"
  },
  {
    "image_url": "https://cdn.barbora.lt/products/f1fa71d0-a7ce-439e-b1b1-3c21c78f0eb3_m.png",
    "title": "Vaisinė gervuogių ir mėlynių arbata LOYD, 40 g",
    "price": "2.99",
    "price_2": null,
    "extra_info": "2 ar daugiau su –25%"
  },
  {
    "image_url": "https://cdn.barbora.lt/products/72eb32f6-32ec-4092-9a69-09101146097c_m.png",
    "title": "Žaliojo kario prieskonių mišinys SANTA MARIA, 40 g",
    "price": "1.69",
    "price_2": null,
    "extra_info": "2 ar daugiau su –50%"
  },
  {
    "image_url": "https://cdn.barbora.lt/products/c92192de-cd43-4bd7-b2fb-04bb3d3cb5ac_m.png",
    "title": "Universalieji prieskoniai SANTA MARIA, 350 g",
    "price": "5.69",
    "price_2": null,
    "extra_info": "2 ar daugiau su –50%"
  },
  {
    "image_url": "https://cdn.barbora.lt/products/2722b60d-bf8c-48d1-9b8a-615c29038d68_m.png",
    "title": "ŽOLYNĖLIO ŽEMAITIJOS žolelių arbata, 30 g",
    "price": "1.89",
    "price_2": null,
    "extra_info": "2 ar daugiau su –25%"
  },
  {
    "image_url": "https://cdn.barbora.lt/products/bdab2027-de04-489f-9a1a-edbe4525fab3_m.png",
    "title": "Žolelių arbata POSTI PREMIUM su mėtų ir melisų lapais, 30 g",
    "price": "1.59",
    "price_2": null,
    "extra_info": "2 ar daugiau su –25%"
  },
  {
    "image_url": "https://cdn.barbora.lt/products/5d57c4f5-fa2a-4805-b521-ff00ff37b6fc_m.png",
    "title": "Traškučiai TALER su provanso žolelėmis be glitimo, 135 g",
    "price": "1.69",
    "price_2": null,
    "extra_info": "2 ar daugiau su –25%"
  },
  {
    "image_url": "https://cdn.barbora.lt/products/c182edb4-2b9e-4bd2-83bd-58dc05ed88d5_m.png",
    "title": "Dantų šepetėliai COLGATE ULTRA SOFT, 2 vnt., 2 vnt.",
    "price": "6.29",
    "price_2": null,
    "extra_info": "2 ar daugiau su –40%"
  },
  {
    "image_url": "https://cdn.barbora.lt/products/aaedc73c-3473-4c20-9b17-fa8581458fde_m.png",
    "title": "Greitai paruošiami makaronai MAGGI teriyaki padažo skonio, 130 g",
    "price": "1.55",
    "price_2": "11,92€/kg",
    "extra_info": "–40%"
  },
  {
    "image_url": "https://cdn.barbora.lt/products/e1fcf6e5-cf78-4d31-8caa-87a285662d0b_m.png",
    "title": "Pusryčių dribsniai NESTLE KIT KAT, kakavos skonio, 330 g",
    "price": "2.39",
    "price_2": "7,24€/kg",
    "extra_info": "–40%"
  },
  {
    "image_url": "https://cdn.barbora.lt/products/704285bf-167c-4ea2-84cb-86d77aa6aa64_m.png",
    "title": "Skystasis skalbiklis L'ARBRE VERT su aug. muilu, 34 skalb., 1.53 l",
    "price": "8.49",
    "price_2": "5,55€/l",
    "extra_info": "–40%"
  },
  {
    "image_url": "https://cdn.barbora.lt/products/080f4c2a-d4cd-492f-9f35-15fabeed57c8_m.png",
    "title": "Milteliai ACORUS BALANCE FIBER BEAUTY COLLAGEN, 300 g",
    "price": "5.99",
    "price_2": "19,96€/kg",
    "extra_info": "–37%"
  },
  {
    "image_url": "https://cdn.barbora.lt/products/2d1b9dc5-11b4-49e5-a9ac-7129ec58442c_m.png",
    "title": "Juodoji arbata ETNO DARJEELING, 40 g",
    "price": "1.99",
    "price_2": null,
    "extra_info": "2 ar daugiau su –25%"
  },
  {
    "image_url": "https://cdn.barbora.lt/products/5a2b1db2-e81d-4460-9bce-afa3017c0eb4_m.png",
    "title": "Dantų pasta JORDAN „Junior“ su dozatoriumi, (6-12m.), 150 ml",
    "price": "9.99",
    "price_2": null,
    "extra_info": "2 ar daugiau su –40%"
  },
  {
    "image_url": "https://cdn.barbora.lt/products/3d94a96c-4052-43e8-b115-065064f54fc6_m.png",
    "title": "Greitai paruošiami makaronai MAGGI, daržovių skonio, 59.2 g",
    "price": "0.47",
    "price_2": "7,94€/kg",
    "extra_info": "–41%"
  },
  {
    "image_url": "https://cdn.barbora.lt/products/253943c1-724e-4858-9822-a7099ef681a1_m.png",
    "title": "Smulkinti moliūgų sėklų baltymai ŽOLYNĖLIS, 200 g",
    "price": "3.49",
    "price_2": "17,45€/kg",
    "extra_info": "–30%"
  },
  {
    "image_url": "https://cdn.barbora.lt/products/53817b74-9331-4810-a8e6-80e5a88270ad_m.png",
    "title": "HiPP Babysanft prausimosi putos, papildymas 250ml",
    "price": "5.59",
    "price_2": null,
    "extra_info": "2 ar daugiau su –40%"
  },
  {
    "image_url": "https://cdn.barbora.lt/products/354cad76-c1e0-45c7-833a-cf18fb3d8c34_m.png",
    "title": "Baltyminis pieno kokteilis MAXI NUTRITION, bananų skonio, 330 ml",
    "price": "1.61",
    "price_2": "4,88€/l",
    "extra_info": "–40%"
  },
  {
    "image_url": "https://cdn.barbora.lt/products/25050ea8-1d63-4721-91bd-3a0ec2b9a605_m.png",
    "title": "Bazilikai KOTANYI, 9 g",
    "price": "0.83",
    "price_2": "92,22€/kg",
    "extra_info": "–30%"
  },
  {
    "image_url": "https://cdn.barbora.lt/products/bf4aa49b-010b-417c-b57c-5d8c67b5b8fa_m.png",
    "title": "Skystas rankų muilas DOVE CUCUMBER 250ml",
    "price": "2.39",
    "price_2": "9,56€/l",
    "extra_info": "–50%"
  },
  {
    "image_url": "https://cdn.barbora.lt/products/6ad83361-7f73-48c1-b811-0399c179dd19_m.png",
    "title": "Biri juodoji arbata TWININGS ENGLISH BREAKFAST TEA, 100 g",
    "price": "6.29",
    "price_2": null,
    "extra_info": "2 ar daugiau su –25%"
  },
  {
    "image_url": "https://cdn.barbora.lt/products/305845ac-c59e-4119-acf6-dc597edf9cc5_m.png",
    "title": "Vaikiškas dantų šepetėlis JORDAN (nuo 9 m.), minkštas, 1 vnt.",
    "price": "2.89",
    "price_2": null,
    "extra_info": "2 ar daugiau su –40%"
  },
  {
    "image_url": "https://cdn.barbora.lt/products/75423749-2b80-437b-9457-07198f14a0b7_m.png",
    "title": "Dantų pasta BIOREPAIR, 75 ml",
    "price": "7.29",
    "price_2": null,
    "extra_info": "2 ar daugiau su –40%"
  },
  {
    "image_url": "https://cdn.barbora.lt/products/aa84e4d3-94b0-4eea-bab2-2c7f268709f4_m.png",
    "title": "ECODENTA juoda balinamoji dantų pasta su juodąją anglimi 100 ml",
    "price": "4.99",
    "price_2": null,
    "extra_info": "2 ar daugiau su –40%"
  },
  {
    "image_url": "https://cdn.barbora.lt/products/4858ed4a-dda1-415e-b9c7-41113bcd3a80_m.png",
    "title": "Maltos mėsos prieskoniai SANTA MARIA be pridėtinės druskos, 38 g",
    "price": "2.29",
    "price_2": null,
    "extra_info": "2 ar daugiau su –50%"
  },
  {
    "image_url": "https://cdn.barbora.lt/products/2a31b32f-083f-4db7-950e-59cb545426bc_m.png",
    "title": "Greitai paruošiami makaronai MAGGI Tailand. kario pad.skonio, 128 g",
    "price": "1.55",
    "price_2": "12,11€/kg",
    "extra_info": "–40%"
  },
  {
    "image_url": "https://cdn.barbora.lt/products/12ccd4e9-04d5-4656-9d20-0d55845fe454_m.png",
    "title": "Skalbiamosios kapsulės PERSIL DISCS UNIVERSAL, 13 skalb., 13 vnt.",
    "price": "5.35",
    "price_2": "0,41€/vnt.",
    "extra_info": "–40%"
  },
  {
    "image_url": "https://cdn.barbora.lt/products/909327fd-e7ad-4b61-a0bf-cb236d854975_m.png",
    "title": "Vytinta kiaulienos šoninė WELL DONE, a. r., 100 g",
    "price": "2.49",
    "price_2": null,
    "extra_info": "2 ar daugiau su –20%"
  },
  {
    "image_url": "https://cdn.barbora.lt/products/1564baec-0c38-4c83-a215-b9adefaa65d6_m.png",
    "title": "Kepti vištienos filė kukuliai džiūvėsėliuose su morkomis, 280 g",
    "price": "2.39",
    "price_2": "8,54€/kg",
    "extra_info": "–40%"
  },
  {
    "image_url": "https://cdn.barbora.lt/products/9895f9cd-16d8-47fd-9aef-39e2581ecf78_m.png",
    "title": "Pipirmėčių arbata WELL DONE, 50 g",
    "price": "1.79",
    "price_2": null,
    "extra_info": "2 ar daugiau su –25%"
  },
  {
    "image_url": "https://cdn.barbora.lt/products/e45bdb03-322b-4123-9c4a-18af16d700f6_m.png",
    "title": "Lėtai virta vištienos filė HEAT & EAT, kimčių skonio, a. r., 400 g",
    "price": "3.49",
    "price_2": "8,73€/kg",
    "extra_info": "–42%"
  },
  {
    "image_url": "https://cdn.barbora.lt/products/4996d1fe-cd2d-4d96-80f7-d3ef4505b42c_m.png",
    "title": "Higieniniai paketai ALWAYS Ultra Normal, S1, 10 vnt.",
    "price": "1.99",
    "price_2": "0,2€/vnt.",
    "extra_info": "–31%"
  },
  {
    "image_url": "https://cdn.barbora.lt/products/978d73d2-c041-4eff-ba49-08a9b46c2555_m.png",
    "title": "GINTARINIAI makaronai (vamzdeliai), 400 g",
    "price": "0.57",
    "price_2": "1,43€/kg",
    "extra_info": "–36%"
  },
  {
    "image_url": "https://cdn.barbora.lt/products/9e2044e3-8609-4940-a9ec-d71a340723ce_m.png",
    "title": "Moteriškas purškiamas dezodorantas REXONA INV.BLACK&WHITE,150",
    "price": "2.09",
    "price_2": "13,93€/l",
    "extra_info": "–51%"
  },
  {
    "image_url": "https://cdn.barbora.lt/products/b12f8d40-9e44-4b82-87ea-ede7123a8734_m.png",
    "title": "Šafranas KOTANYI, 0.01 g",
    "price": "1.95",
    "price_2": "162500€/kg",
    "extra_info": "–30%"
  },
  {
    "image_url": "https://cdn.barbora.lt/products/01e308a0-0877-4886-8266-01742b5c039b_m.png",
    "title": "Dražė M&M'S CHOCO, 90 g",
    "price": "1.31",
    "price_2": "14,55€/kg",
    "extra_info": "–40%"
  },
  {
    "image_url": "https://cdn.barbora.lt/products/de4d4d0f-857f-4791-813a-bf07aca593bf_m.png",
    "title": "Juodoji Ceilono arbata DILMAH, persikų ir ličių skonio, 30 g",
    "price": "2.39",
    "price_2": null,
    "extra_info": "2 ar daugiau su –25%"
  },
  {
    "image_url": "https://cdn.barbora.lt/products/6406ebcc-76d4-4530-8b61-9a02391ef171_m.png",
    "title": "Kūdikių prausiklis SEBAMED, 200 ml",
    "price": "8.29",
    "price_2": null,
    "extra_info": "2 ar daugiau su –40%"
  },
  {
    "image_url": "https://cdn.barbora.lt/products/c83a0e2c-0d11-4278-b65b-0540c22044a1_m.png",
    "title": "Juodoji arbata PU-ERH, 80 g",
    "price": "2.49",
    "price_2": null,
    "extra_info": "2 ar daugiau su –25%"
  },
  {
    "image_url": "https://cdn.barbora.lt/products/85c06a34-eb87-4028-87fc-63bb8094b67a_m.png",
    "title": "Dantų pasta NIDA su pipirmėčių aliejumi, 100 ml",
    "price": "2.89",
    "price_2": null,
    "extra_info": "2 ar daugiau su –40%"
  },
  {
    "image_url": "https://cdn.barbora.lt/products/44aa26e0-af7c-47da-a478-f9c4dea7d2c4_m.png",
    "title": "Spraginti karamelizuoti kukurūzai MR.CHECK, 200 g",
    "price": "1.69",
    "price_2": "8,45€/kg",
    "extra_info": "–23%"
  },
  {
    "image_url": "https://cdn.barbora.lt/products/fb6afa52-3961-4f76-8f73-9de00dc2d15c_m.png",
    "title": "Plaukų šampūnas SYOSS Color, 440 ml",
    "price": "7.49",
    "price_2": null,
    "extra_info": "2 ar daugiau su –40%"
  },
  {
    "image_url": "https://cdn.barbora.lt/products/ba21c124-b23c-46d2-9efd-9f38817d155d_m.png",
    "title": "GARLIAVOS DUONOS sausainiai su sezamų sėklomis, 200 g",
    "price": "2.49",
    "price_2": null,
    "extra_info": "2 ar daugiau su –25%"
  },
  {
    "image_url": "https://cdn.barbora.lt/products/7aad00aa-9190-42ef-9c00-c2d53c1c0984_m.png",
    "title": "Ekologiška tempė GOURMET GREEN, 200 g",
    "price": "2.39",
    "price_2": "11,95€/kg",
    "extra_info": "–20%"
  },
  {
    "image_url": "https://cdn.barbora.lt/products/07ebcd46-a1da-42b0-9c85-0465c973820e_m.png",
    "title": "Marinuoti silkių filė suktinukai su daržovėmis EDEGA, 500 g",
    "price": "2.29",
    "price_2": "4,58€/kg",
    "extra_info": "–21%"
  },
  {
    "image_url": "https://cdn.barbora.lt/products/1f54ce72-4f35-450b-aab9-7104020824ff_m.png",
    "title": "Kabrita SAUSAINIAI VAIKAMS su ožkos pienu vaikams no 6 mėnesių, 115g.",
    "price": "6.69",
    "price_2": null,
    "extra_info": "2 ar daugiau su –25%"
  },
  {
    "image_url": "https://cdn.barbora.lt/products/0e73f7e0-3530-4ae3-92dc-a3712e948e73_m.png",
    "title": "Malti juodieji pipirai SANTA MARIA, 181 g",
    "price": "8.49",
    "price_2": null,
    "extra_info": "2 ar daugiau su –50%"
  },
  {
    "image_url": "https://cdn.barbora.lt/products/8673d50f-5b37-40eb-81ad-94123ed6ac0a_m.png",
    "title": "NIVEA CHERRY SHINE lūpų balzamas, 4,8 g",
    "price": "1.79",
    "price_2": "1,79€/vnt.",
    "extra_info": "–51%"
  },
  {
    "image_url": "https://cdn.barbora.lt/products/e71640d9-5fd7-4910-88f4-44635d42bd5b_m.png",
    "title": "Vytintas BAJORŲ kumpis, pjaustytas griežinėliais, I r., 110 g",
    "price": "1.95",
    "price_2": "17,73€/kg",
    "extra_info": "–41%"
  },
  {
    "image_url": "https://cdn.barbora.lt/products/ec42a4a6-72ce-48d9-bc93-40d3f98cdcbd_m.png",
    "title": "Dušo želė DOVE SANDALWOOD&VANILLA, 400 ml",
    "price": "2.99",
    "price_2": "7,48€/l",
    "extra_info": "–50%"
  },
  {
    "image_url": "https://cdn.barbora.lt/products/fa914b1c-ae2a-4730-8b28-383806a50362_m.png",
    "title": "Džiovintos kriaušių puselės be pridėtinio cukraus FRUNICA, 150 g",
    "price": "2.49",
    "price_2": "16,6€/kg",
    "extra_info": "–38%"
  },
  {
    "image_url": "https://cdn.barbora.lt/products/5d22fa0a-66bb-4388-b864-02cdbde79bea_m.png",
    "title": "Sviestiniai sausainiai SCHAR, be glitimo, 165 g",
    "price": "3.49",
    "price_2": null,
    "extra_info": "2 ar daugiau su –25%"
  },
  {
    "image_url": "https://cdn.barbora.lt/products/3d1e8b80-2ed6-48f9-9d19-4519312627cd_m.png",
    "title": "NIVEA Klasikinis kremas visai šeimai, 75 ml",
    "price": "1.89",
    "price_2": "25,2€/l",
    "extra_info": "–50%"
  },
  {
    "image_url": "https://cdn.barbora.lt/products/f826f08b-c376-4eb7-a92f-3aaaccde9199_m.png",
    "title": "VILNIAUS DUONOS aguoniniai traškučiai IMK ant virvelės, 300 g",
    "price": "2.19",
    "price_2": null,
    "extra_info": "2 ar daugiau su –25%"
  },
  {
    "image_url": "https://cdn.barbora.lt/products/cc327352-3465-430a-a7cc-1b134d160e4b_m.png",
    "title": "Juodoji Ceilono arbata DILMAH PREMIUM, 200 g",
    "price": "5.69",
    "price_2": null,
    "extra_info": "2 ar daugiau su –25%"
  },
  {
    "image_url": "https://cdn.barbora.lt/products/ecfdb3d2-fbb4-4099-93bd-8189131be73f_m.png",
    "title": "ECODENTA dantų pasta efektyviai apsaugai nuo karieso su ksitoliu, laimų ir kalendrų lapų eteriniais aliejais 100 ml",
    "price": "5.85",
    "price_2": null,
    "extra_info": "2 ar daugiau su –40%"
  },
  {
    "image_url": "https://cdn.barbora.lt/products/b871cee5-0654-4b26-b0d1-450392caa205_m.png",
    "title": "NIVEA dušo želė CRÈME SOFT 750ml",
    "price": "4.49",
    "price_2": "5,99€/l",
    "extra_info": "–50%"
  },
  {
    "image_url": "https://cdn.barbora.lt/products/d64400f7-2d8c-4f3a-a2ae-1d0971da0273_m.png",
    "title": "Burnos skalavimo skystis NIDA su bruknių ekstraktu, 500 ml",
    "price": "3.29",
    "price_2": null,
    "extra_info": "2 ar daugiau su –40%"
  },
  {
    "image_url": "https://cdn.barbora.lt/products/978defab-bc9e-43ab-b7c0-837e9a0772f5_m.png",
    "title": "ŽOLYNĖLIO AUKŠTAITIJOS žolelių arbata, 40 g",
    "price": "1.89",
    "price_2": null,
    "extra_info": "2 ar daugiau su –25%"
  },
  {
    "image_url": "https://cdn.barbora.lt/products/2cdf4fa7-b23c-449e-8fa9-b9b76ef68914_m.png",
    "title": "Spraginti kukurūzai su sūriu MR.CHECK, 150 g",
    "price": "1.69",
    "price_2": "11,27€/kg",
    "extra_info": "–23%"
  },
  {
    "image_url": "https://cdn.barbora.lt/products/b5d7261a-2774-44fd-b248-4501726dd77e_m.png",
    "title": "Ant piršto užmaunamas šepetėlis pirm. dantims valyti BABYONO, 1 vnt.",
    "price": "1.99",
    "price_2": null,
    "extra_info": "2 ar daugiau su –40%"
  },
  {
    "image_url": "https://cdn.barbora.lt/products/a5aab540-d423-49dc-8678-e9caf6ac43b7_m.png",
    "title": "KILIG MOISTURIZING intensyviai plaukus ir galvos odą drėkinantis šampūnas 400 ml",
    "price": "6.39",
    "price_2": null,
    "extra_info": "2 ar daugiau su –40%"
  },
  {
    "image_url": "https://cdn.barbora.lt/products/2e6a039e-3ebb-4913-b760-3e61305395d0_m.png",
    "title": "Vafliai SELGA su sūdyta karamele, 180 g",
    "price": "1.59",
    "price_2": null,
    "extra_info": "2 ar daugiau su –25%"
  },
  {
    "image_url": "https://cdn.barbora.lt/products/719e0884-9856-4613-8214-2fd99ebfeabb_m.png",
    "title": "Skrud. žemės riešutai apvalkale TAFFEL, meksik. padažo sk., 140 g",
    "price": "1.09",
    "price_2": "7,78€/kg",
    "extra_info": "–50%"
  },
  {
    "image_url": "https://cdn.barbora.lt/products/465b7f4c-3353-4746-a8e5-b3aed54c88bd_m.png",
    "title": "Vištienos prieskoniai SANTA MARIA be pridėtinės druskos, 37 g",
    "price": "2.29",
    "price_2": null,
    "extra_info": "2 ar daugiau su –50%"
  },
  {
    "image_url": "https://cdn.barbora.lt/products/d2d2394a-858a-4688-ad05-824b1a38282b_m.png",
    "title": "Skalbiamosios kapsulės L'ARBRE VERT su aug. muilu, 24 skalb., 24 vnt.",
    "price": "8.79",
    "price_2": "0,37€/vnt.",
    "extra_info": "–40%"
  },
  {
    "image_url": "https://cdn.barbora.lt/products/5321c4fe-6330-453c-97c1-47a135ccc89d_m.png",
    "title": "Moteriškos pėdkelnės IMG TERMO FLEECE 240 nero 3 dydis",
    "price": "2.74",
    "price_2": "2,74€/vnt.",
    "extra_info": "–50%"
  },
  {
    "image_url": "https://cdn.barbora.lt/products/0b83d91f-92ff-4acf-a632-103f924cebd5_m.png",
    "title": "Dantų šepetėlis COLGATE BIG KIDS SMILES, 6-9 m., 1 vnt.",
    "price": "2.69",
    "price_2": null,
    "extra_info": "2 ar daugiau su –40%"
  },
  {
    "image_url": "https://cdn.barbora.lt/products/2e9bcb1b-4603-43d1-93ad-e8f6500f4220_m.png",
    "title": "Valgomieji ledai KLASIKA, mangų skonio, 85 g",
    "price": "0.75",
    "price_2": "8,82€/kg",
    "extra_info": "–31%"
  },
  {
    "image_url": "https://cdn.barbora.lt/products/0260c802-5019-4f80-97ce-883e4c931a72_m.png",
    "title": "Džiovinti citrinų kubeliai be pridėtinio cukraus FRUNICA, 200 g",
    "price": "2.59",
    "price_2": "12,95€/kg",
    "extra_info": "–41%"
  },
  {
    "image_url": "https://cdn.barbora.lt/products/7b30b7ef-308d-4f79-9802-c4bbec7eec67_m.png",
    "title": "Vytintų BERETTA mėsos gaminių SALAME ir COPPA rinkinys, nerūš., 100 g",
    "price": "4.69",
    "price_2": null,
    "extra_info": "2 ar daugiau su –20%"
  },
  {
    "image_url": "https://cdn.barbora.lt/products/c243bc6a-6e2a-4961-b2e2-8a7d5f7a6309_m.png",
    "title": "Plaukų šampūnas AUSSIE Deep Hydration, 300 ml",
    "price": "9.89",
    "price_2": null,
    "extra_info": "2 ar daugiau su –40%"
  },
  {
    "image_url": "https://cdn.barbora.lt/products/9a5334a6-e033-4169-8afd-d6217b58993a_m.png",
    "title": "Ekologiškas datulių cukrus AMRITA, 400 g",
    "price": "5.49",
    "price_2": "13,73€/kg",
    "extra_info": "–39%"
  },
  {
    "image_url": "https://cdn.barbora.lt/products/e564ff9d-3e02-4129-a04d-e7a4d3781084_m.png",
    "title": "Biri juodoji arbata DILMAH BROKEN ORANGE PEKOE, 100 g",
    "price": "2.59",
    "price_2": null,
    "extra_info": "2 ar daugiau su –25%"
  },
  {
    "image_url": "https://cdn.barbora.lt/products/1ab062dd-4c40-4cc8-b56e-a1a0561f7ebd_m.png",
    "title": "Sausainiai NOUGATELLI MERBA, šokolado skonio, 175 g",
    "price": "1.89",
    "price_2": null,
    "extra_info": "2 ar daugiau su –25%"
  },
  {
    "image_url": "https://cdn.barbora.lt/products/d1c69783-be4e-4be3-ad59-dd735f45878e_m.png",
    "title": "Sausainiai su džiovintais obuoliukais VIKTORIJA, 250 g",
    "price": "1.89",
    "price_2": null,
    "extra_info": "2 ar daugiau su –25%"
  },
  {
    "image_url": "https://cdn.barbora.lt/products/bd816879-8659-4f73-96b3-df6f7aa05ee8_m.png",
    "title": "Virta KLEBONIŠKA KAIMIŠKA karka, a. r., 1 kg",
    "price": "9.35",
    "price_2": "9,35€/kg",
    "extra_info": "–25%"
  },
  {
    "image_url": "https://cdn.barbora.lt/products/bad4a7a5-1269-4c1b-bf20-080a53594551_m.png",
    "title": "Dantų šepetėlis LACALUT SENSITIVE, 1 vnt.",
    "price": "1.39",
    "price_2": "1,39€/vnt.",
    "extra_info": "–38%"
  },
  {
    "image_url": "https://cdn.barbora.lt/products/046620d1-4e96-4506-8511-675e127f1673_m.png",
    "title": "Šašlykų prieskoniai SANTA MARIA, 100 g",
    "price": "1.99",
    "price_2": null,
    "extra_info": "2 ar daugiau su –50%"
  },
  {
    "image_url": "https://cdn.barbora.lt/products/779d41af-c653-43a7-95cb-7e410803fbb5_m.png",
    "title": "Sausasis šampūnas SYOSS PURE FRESH, 200 ml",
    "price": "8.49",
    "price_2": null,
    "extra_info": "2 ar daugiau su –40%"
  },
  {
    "image_url": "https://cdn.barbora.lt/products/99bc8d0e-97a9-4465-a807-1a183c5e377a_m.png",
    "title": "Vafliai su spanguolų įdaru SELGA, 180 g",
    "price": "1.59",
    "price_2": null,
    "extra_info": "2 ar daugiau su –25%"
  },
  {
    "image_url": "https://cdn.barbora.lt/products/993002f3-67b9-4d5a-b460-bf41621e9d68_m.png",
    "title": "Konservuotas kačių ėdalas LOVETT su įvairių rušių mėsa, 400 g",
    "price": "1.25",
    "price_2": "3,13€/kg",
    "extra_info": "–30%"
  },
  {
    "image_url": "https://cdn.barbora.lt/products/91a5cc76-92a5-4a72-b2b5-141723e5fcae_m.png",
    "title": "Virtas KLEBONIŠKAS GASPADINĖS vyniotinis, a. r., 330 g",
    "price": "3.09",
    "price_2": "9,37€/kg",
    "extra_info": "–26%"
  },
  {
    "image_url": "https://cdn.barbora.lt/products/51a9ff6f-eac2-496c-adf5-5407122b3414_m.png",
    "title": "Valgomieji ledai KLASIKA, kriaušių skonio, 85 g",
    "price": "0.75",
    "price_2": "8,82€/kg",
    "extra_info": "–31%"
  },
  {
    "image_url": "https://cdn.barbora.lt/products/273e93f4-1597-40e6-b11c-45fcc60582f5_m.png",
    "title": "Skalbiamasis gelis PERSIL EXPERT SENSITIVE, 20 skalb., 900 ml",
    "price": "5.29",
    "price_2": "5,88€/l",
    "extra_info": "–40%"
  },
  {
    "image_url": "https://cdn.barbora.lt/products/882b5ca4-1772-4970-9da3-1623d0f27366_m.png",
    "title": "Sausainiai OREO REMIX, tiramisų ir vanilės skonio, 157 g",
    "price": "1.55",
    "price_2": "9,87€/kg",
    "extra_info": "–40%"
  },
  {
    "image_url": "https://cdn.barbora.lt/products/d73e5950-94bd-47bc-8304-b7423b2e48c3_m.png",
    "title": "Moteriškas purškiamasis dezodorantas DOVE DRAGONFRUIT&COCON, 150 ml",
    "price": "2.29",
    "price_2": "15,27€/l",
    "extra_info": "–50%"
  },
  {
    "image_url": "https://cdn.barbora.lt/products/64b1e7dc-4b6e-4ffb-9f66-a945198a690a_m.png",
    "title": "Karštai rūkyta pjaustyta SAMSONO dešra MEKSIKOS RITMAS, A.r., 100 g",
    "price": "1.89",
    "price_2": null,
    "extra_info": "2 ar daugiau su –20%"
  },
  {
    "image_url": "https://cdn.barbora.lt/products/f2aa5ac7-fcf4-421e-a54e-b99267d3eb39_m.png",
    "title": "L'Oréal Paris ELSEVE Glycolic Gloss CORE kondicionierius. 200 ml",
    "price": "5.39",
    "price_2": null,
    "extra_info": "2 ar daugiau su –40%"
  },
  {
    "image_url": "https://cdn.barbora.lt/products/f798ac8f-4502-4d47-b3e4-b6a63e17ce53_m.png",
    "title": "Garstyčios ORIGINAL FELIX, 360 g",
    "price": "2.24",
    "price_2": "6,23€/kg",
    "extra_info": "–25%"
  },
  {
    "image_url": "https://cdn.barbora.lt/products/0bfe31d1-a439-47dd-add5-679e9365da26_m.png",
    "title": "Biri juodoji arbata DILMAH, 100 g",
    "price": "2.79",
    "price_2": null,
    "extra_info": "2 ar daugiau su –25%"
  },
  {
    "image_url": "https://cdn.barbora.lt/products/e69cd806-2d7e-43a2-8729-16e3325ec05c_m.png",
    "title": "Silikoninis pieštukas TURTLE WAX (VALVW21), 38 g",
    "price": "2.99",
    "price_2": "78,68€/kg",
    "extra_info": "–50%"
  },
  {
    "image_url": "https://cdn.barbora.lt/products/11773088-c306-45c5-ad49-f79defd8f2b1_m.png",
    "title": "GINTARINIAI vermišeliai, 400 g",
    "price": "0.57",
    "price_2": "1,43€/kg",
    "extra_info": "–36%"
  },
  {
    "image_url": "https://cdn.barbora.lt/products/f4b3a514-2e67-4bf3-901d-51378cc71467_m.png",
    "title": "Moteriškas rutulinis dezodorantas DOVE ORIGINAL, 50 ml",
    "price": "2.29",
    "price_2": "45,8€/l",
    "extra_info": "–50%"
  },
  {
    "image_url": "https://cdn.barbora.lt/products/4a7ca62f-8665-4c4a-a251-b6fb77d35530_m.png",
    "title": "Higieniniai įklotai CAREFREE COTTON, 76 vnt.",
    "price": "4.49",
    "price_2": "0,06€/vnt.",
    "extra_info": "–31%"
  },
  {
    "image_url": "https://cdn.barbora.lt/products/50351811-39c8-407a-aa1f-0088cf64eb70_m.png",
    "title": "Prieskonių mišinys AMERICAN CAJUN SANTA MARIA, 34 g",
    "price": "3.69",
    "price_2": null,
    "extra_info": "2 ar daugiau su –50%"
  },
  {
    "image_url": "https://cdn.barbora.lt/products/996a497f-9f57-42d6-a353-f4adeac25eb7_m.png",
    "title": "NIVEA Dušo želė CARE & ORANGE, 500 ml",
    "price": "3.39",
    "price_2": "6,78€/l",
    "extra_info": "–51%"
  },
  {
    "image_url": "https://cdn.barbora.lt/products/e0bc233a-ad6a-400d-9ced-736b57cc969c_m.png",
    "title": "Dantų pasta JORDAN „SENSITIVE“, 75 ml",
    "price": "2.99",
    "price_2": null,
    "extra_info": "2 ar daugiau su –40%"
  },
  {
    "image_url": "https://cdn.barbora.lt/products/d5e8b9ba-5e50-4fd9-981c-4487a1b1e6c6_m.png",
    "title": "Žolelių arbata ŽOLYNĖLIS su kanapių ir pipirmėčių lapais, 30 g",
    "price": "1.99",
    "price_2": null,
    "extra_info": "2 ar daugiau su –25%"
  },
  {
    "image_url": "https://cdn.barbora.lt/products/6fed3f0d-d695-4fa7-a9fa-10e7221e6432_m.png",
    "title": "Kukurūzų traškučiai SANTA MARIA TEX MEX su druska, 475 g",
    "price": "5.89",
    "price_2": null,
    "extra_info": "2 ar daugiau su –50%"
  },
  {
    "image_url": "https://cdn.barbora.lt/products/8f5f8ebd-30ba-4047-b95a-d14469209207_m.png",
    "title": "Plaukų kondicionierius SYOSS Intense Keratin, 250 ml",
    "price": "7.49",
    "price_2": null,
    "extra_info": "2 ar daugiau su –40%"
  },
  {
    "image_url": "https://cdn.barbora.lt/products/7c926e28-cd82-4ddf-9c45-066173ed36e2_m.png",
    "title": "Vaisinė arbata LOYD, obuolių ir cinamonų skonio, 45 g",
    "price": "2.99",
    "price_2": null,
    "extra_info": "2 ar daugiau su –25%"
  },
  {
    "image_url": "https://cdn.barbora.lt/products/f5818193-0951-43f2-95d7-fe17b0ea3935_m.png",
    "title": "Bulvių traškučiai TAFFEL FIESTA SAN DIEGO, 180 g",
    "price": "1.29",
    "price_2": "7,17€/kg",
    "extra_info": "–50%"
  },
  {
    "image_url": "https://cdn.barbora.lt/products/9d5f3de3-c7e4-4ac1-84dc-0b9d44c6225b_m.png",
    "title": "Dribsniai NESTLE CINI MINIS CHURROS, cinamono skonio, 300 g",
    "price": "2.39",
    "price_2": "7,97€/kg",
    "extra_info": "–40%"
  },
  {
    "image_url": "https://cdn.barbora.lt/products/27f17716-a562-4d6f-94b9-aabbd5efc08d_m.png",
    "title": "Skyst. skalb. papildas L'ARBRE VERT su aug. muilu, 34 skalb., 1.54 l",
    "price": "7.59",
    "price_2": "4,93€/l",
    "extra_info": "–40%"
  },
  {
    "image_url": "https://cdn.barbora.lt/products/3127796a-67da-440a-bfb9-0f190ab2e085_m.png",
    "title": "Skalbiamieji milteliai PERSIL WHITE, 20 skalb., 1.1 kg",
    "price": "5.29",
    "price_2": "4,81€/kg",
    "extra_info": "–40%"
  },
  {
    "image_url": "https://cdn.barbora.lt/products/eecd6227-c50f-4c96-8a0d-bbc1c3d66415_m.png",
    "title": "Vaisinė arbata LOYD PINA COLADA, 34 g",
    "price": "2.99",
    "price_2": null,
    "extra_info": "2 ar daugiau su –25%"
  },
  {
    "image_url": "https://cdn.barbora.lt/products/fc5cbd47-e73b-471b-b1cd-a13054551c38_m.png",
    "title": "Vafliniai rageliai ledams BEN'S FAVOURITES, 125 g",
    "price": "2.49",
    "price_2": null,
    "extra_info": "2 ar daugiau su –25%"
  },
  {
    "image_url": "https://cdn.barbora.lt/products/7e1e7c21-ef6d-4731-b038-e4fe087e7f6e_m.png",
    "title": "Ledinukai HALLS, miško uogų skonio, 33.5 g",
    "price": "0.89",
    "price_2": null,
    "extra_info": "2 už 1,19€"
  },
  {
    "image_url": "https://cdn.barbora.lt/products/2c944994-3060-4572-bde6-7ac9539b674c_m.png",
    "title": "Drėgnosios automobilio servetėlės, 40 vnt.",
    "price": "2.49",
    "price_2": null,
    "extra_info": "2 ar daugiau su –40%"
  },
  {
    "image_url": "https://cdn.barbora.lt/products/44fe9e3e-e2bd-4f2a-aece-4fc9b455c920_m.png",
    "title": "GINTARINIAI spagečiai su kiaušiniais, 400 g",
    "price": "0.64",
    "price_2": "1,6€/kg",
    "extra_info": "–35%"
  },
  {
    "image_url": "https://cdn.barbora.lt/products/809b9c06-d709-4643-b8bc-88e403c9e305_m.png",
    "title": "Burnos skalavimo skystis PARODONTAX, 500 ml",
    "price": "7.39",
    "price_2": null,
    "extra_info": "2 ar daugiau su –40%"
  },
  {
    "image_url": "https://cdn.barbora.lt/products/1f3be7fc-c525-4f94-a8f6-4815f420620c_m.png",
    "title": "PRESTO biri žalioji kiniška arbata, 90 g",
    "price": "1.39",
    "price_2": null,
    "extra_info": "2 ar daugiau su –25%"
  },
  {
    "image_url": "https://cdn.barbora.lt/products/b6b5c2df-3ef9-4ac4-8873-1964e3c44895_m.png",
    "title": "Sausainiai CANTUCCI su citrinų žievelėmis ir pistacijomis, 180 g",
    "price": "3.19",
    "price_2": null,
    "extra_info": "2 ar daugiau su –25%"
  },
  {
    "image_url": "https://cdn.barbora.lt/products/049b3f2b-1a0c-4251-a977-a4a7f016ab06_m.png",
    "title": "Plaukų kaukė NIDA su keratinu, 200 ml",
    "price": "2.69",
    "price_2": null,
    "extra_info": "2 ar daugiau su –40%"
  },
  {
    "image_url": "https://cdn.barbora.lt/products/ebb9a58a-bdcf-42fd-b8e8-34006b93a5be_m.png",
    "title": "Vaikiškas plaukų šampūnas JOHNSON'S BABY, 200 ml",
    "price": "2.79",
    "price_2": null,
    "extra_info": "2 ar daugiau su –40%"
  },
  {
    "image_url": "https://cdn.barbora.lt/products/5a960cb2-236f-42af-be41-bf4a6c85a880_m.png",
    "title": "Vaikiškas prausiklis-putos TINDI, 475 ml",
    "price": "3.79",
    "price_2": null,
    "extra_info": "2 ar daugiau su –40%"
  },
  {
    "image_url": "https://cdn.barbora.lt/products/413e832a-b3af-44fb-a561-896f3e84867f_m.png",
    "title": "Vaflinis batonėlis KNOPPERS, kokosų skonio, 40 g",
    "price": "0.99",
    "price_2": null,
    "extra_info": "2 ar daugiau su –25%"
  },
  {
    "image_url": "https://cdn.barbora.lt/products/88e2bfff-5b0d-462e-a90d-3111314d7283_m.png",
    "title": "Bulvių traškučiai TAFFEL, svogūnų ir keptos mėsos skonio, 130 g",
    "price": "1.04",
    "price_2": "8€/kg",
    "extra_info": "–50%"
  },
  {
    "image_url": "https://cdn.barbora.lt/products/5caa1057-400e-48e0-bcb4-e5cb08239e6c_m.png",
    "title": "Šunų užkandis ant&avien LOVETT 140g, 140 g",
    "price": "0.83",
    "price_2": "5,93€/kg",
    "extra_info": "–30%"
  },
  {
    "image_url": "https://cdn.barbora.lt/products/abefaabd-fe38-4c7b-8ddb-6b03492bca4f_m.png",
    "title": "Dantų pasta ORAL-B Pro Junior, nuo 6 iki 12 metų, 75 ml",
    "price": "3.99",
    "price_2": null,
    "extra_info": "2 ar daugiau su –40%"
  },
  {
    "image_url": "https://cdn.barbora.lt/products/acf09881-15dd-4e98-8b64-9c60843eb155_m.png",
    "title": "Vyriškas purškiamasis dezodorantas DOVE SANDALWOOD & VANILLA, 150 ml",
    "price": "2.29",
    "price_2": "15,27€/l",
    "extra_info": "–50%"
  },
  {
    "image_url": "https://cdn.barbora.lt/products/f2477dfb-32ee-496c-af15-05d096d1017d_m.png",
    "title": "Moteriškas pieštukinis dezodorantas DOVE CUCUMBER&GREEN TEA, 50 ml",
    "price": "1.99",
    "price_2": "39,8€/l",
    "extra_info": "–50%"
  },
  {
    "image_url": "https://cdn.barbora.lt/products/f31d6c82-76dd-46b6-af54-13d8287652fa_m.png",
    "title": "Šviežios vištienos dešrelės su sūriu WELL DONE, 400 g",
    "price": "2.79",
    "price_2": "6,98€/kg",
    "extra_info": "–20%"
  },
  {
    "image_url": "https://cdn.barbora.lt/products/b8bdc30a-ea57-4183-b931-f5623db79887_m.png",
    "title": "Mangų-kario padažas FELIX, 335 g",
    "price": "2.16",
    "price_2": "6,45€/kg",
    "extra_info": "–25%"
  },
  {
    "image_url": "https://cdn.barbora.lt/products/594b0aab-0d24-40ce-8155-98a76b49a7b8_m.png",
    "title": "Džiovintų vaisių ir daržovių mišinys GĖRYBIŲ RAGAS, 250 g",
    "price": "2.99",
    "price_2": "11,96€/kg",
    "extra_info": "–25%"
  },
  {
    "image_url": "https://cdn.barbora.lt/products/76edd3ce-1e2a-44c7-8b7d-22987109b0eb_m.png",
    "title": "Kukurūzų traškučiai TAFFEL NACHO CHEESE BALLS, sūrio skonio, 60 g",
    "price": "0.59",
    "price_2": "9,83€/kg",
    "extra_info": "–53%"
  },
  {
    "image_url": "https://cdn.barbora.lt/products/dfa3dd43-445e-4bae-9d5c-c2d3d7fddcc1_m.png",
    "title": "Daujėnų naminis meduolis, 1 kg",
    "price": "5.45",
    "price_2": null,
    "extra_info": "2 ar daugiau su –25%"
  },
  {
    "image_url": "https://cdn.barbora.lt/products/5de5119f-4bfb-4fc9-ba03-eb4d5001a57d_m.png",
    "title": "Vištienos prieskoniai SANTA MARIA su geltonuoju kariu, 24 g",
    "price": "0.99",
    "price_2": null,
    "extra_info": "2 ar daugiau su –50%"
  },
  {
    "image_url": "https://cdn.barbora.lt/products/01cccc1a-45c5-46c4-8c4b-2001410f6aa5_m.png",
    "title": "Moteriškas rutulinis dezodorantas DOVE  INVISIBLE, 50 ml",
    "price": "2.29",
    "price_2": "45,8€/l",
    "extra_info": "–50%"
  },
  {
    "image_url": "https://cdn.barbora.lt/products/fa6474d9-cb87-4f30-8f4e-d36752187eb7_m.png",
    "title": "Vafliai SELGA, vanilės skonio, 90 g",
    "price": "0.95",
    "price_2": null,
    "extra_info": "2 ar daugiau su –25%"
  },
  {
    "image_url": "https://cdn.barbora.lt/products/73809097-fb98-42d0-a7a6-ca6e36f46110_m.png",
    "title": "Šampūnas pleiskanojančiai galvos odai SEBAMED HAIR CARE, 200 ml",
    "price": "12.59",
    "price_2": null,
    "extra_info": "2 ar daugiau su –40%"
  },
  {
    "image_url": "https://cdn.barbora.lt/products/e1cd4736-55eb-4185-a2bd-902854bb6862_m.png",
    "title": "NIVEA dvifazis vadeniui atsparaus akių makiažo valiklis 125ml",
    "price": "2.99",
    "price_2": "23,92€/l",
    "extra_info": "–50%"
  },
  {
    "image_url": "https://cdn.barbora.lt/products/31a8996a-84dd-4a3c-9e80-b27aad90b9db_m.png",
    "title": "Moteriškos pėdkelnės IMG Charme 80den 5 dydis, nero",
    "price": "2.49",
    "price_2": "2,49€/vnt.",
    "extra_info": "–50%"
  },
  {
    "image_url": "https://cdn.barbora.lt/products/a81334f5-1942-4219-bd12-74dba0547b2c_m.png",
    "title": "Dantų šepetėlis JORDAN GREEN CLEAN SOFT, 1 vnt.",
    "price": "3.29",
    "price_2": null,
    "extra_info": "2 ar daugiau su –40%"
  },
  {
    "image_url": "https://cdn.barbora.lt/products/bd99f1b4-db12-4b74-ae20-171a2eb74f84_m.png",
    "title": "Prieskonių mišinys JAPANESE WASABI & SESAME SANTA MARIA, 44 g",
    "price": "3.69",
    "price_2": null,
    "extra_info": "2 ar daugiau su –50%"
  },
  {
    "image_url": "https://cdn.barbora.lt/products/58c55216-b74d-4356-b91c-bf391de000b8_m.png",
    "title": "Valgomieji grietininiai KARALIŠKI ledai su romu ir razinomis, 430 g",
    "price": "4.14",
    "price_2": "9,63€/kg",
    "extra_info": "–50%"
  },
  {
    "image_url": "https://cdn.barbora.lt/products/f9b6f564-c916-4c62-a1ee-7db18c11e3b0_m.png",
    "title": "Dantų pasta BLEND A MED COMPLETE FRESH Long Lasting, 75ml",
    "price": "2.79",
    "price_2": null,
    "extra_info": "2 ar daugiau su –40%"
  },
  {
    "image_url": "https://cdn.barbora.lt/products/0714a870-9846-4eb9-9f80-caa64eb36526_m.png",
    "title": "Citrinpipiriai SANTA MARIA, 33 g, 33 g",
    "price": "1.79",
    "price_2": null,
    "extra_info": "2 ar daugiau su –50%"
  },
  {
    "image_url": "https://cdn.barbora.lt/products/a1ac0acd-cb9a-4953-9d33-034e1544151c_m.png",
    "title": "SENSODYNE PRONAMEL JUNIOR vaik.dantų pasta, 6-12m, 50ml",
    "price": "4.29",
    "price_2": null,
    "extra_info": "2 ar daugiau su –40%"
  },
  {
    "image_url": "https://cdn.barbora.lt/products/53aab161-1fb8-481c-8662-82ec8a249f8d_m.png",
    "title": "Arbata su ramunėlėmis, čiobreliais ir pipirmėtėmis WELL DONE, 30 g",
    "price": "2.29",
    "price_2": null,
    "extra_info": "2 ar daugiau su –25%"
  },
  {
    "image_url": "https://cdn.barbora.lt/products/13c36050-0ad2-46d3-a560-57474b3de701_m.png",
    "title": "Valgomieji ledai KLASIKA, citrininio sūrio pyrago skonio, 75 g",
    "price": "0.75",
    "price_2": "10€/kg",
    "extra_info": "–31%"
  },
  {
    "image_url": "https://cdn.barbora.lt/products/e5d830ea-7756-4bc4-8dd5-901dae08a448_m.png",
    "title": "Majonezinis padažas-sirača WOWMAMA, 48 % rieb., 440 g",
    "price": "3.09",
    "price_2": "7,02€/kg",
    "extra_info": "–31%"
  },
  {
    "image_url": "https://cdn.barbora.lt/products/8ca0fac3-5cec-4781-815e-4b219e6847ac_m.png",
    "title": "NIVEA MEN STRONG POWER šampūnas plaukams vyrams, 250 ml",
    "price": "2.39",
    "price_2": "9,56€/l",
    "extra_info": "–50%"
  },
  {
    "image_url": "https://cdn.barbora.lt/products/451eb4cc-3cc5-4c7f-8249-672258c8119b_m.png",
    "title": "Plastmasiniai dantų krapštukai CLEANPIK su šepetėliu, 150 vnt.",
    "price": "2.11",
    "price_2": null,
    "extra_info": "2 ar daugiau su –40%"
  },
  {
    "image_url": "https://cdn.barbora.lt/products/0b77b76d-521b-4e61-91b3-d319c5870453_m.png",
    "title": "Vaikiškas šampūnas ir balzamas BUBCHEN (PRINCESĖ ROZALĖJA), 230 ml",
    "price": "3.99",
    "price_2": null,
    "extra_info": "2 ar daugiau su –40%"
  },
  {
    "image_url": "https://cdn.barbora.lt/products/3304c497-03db-49fc-8e94-0655d1ebfa2c_m.png",
    "title": "NIVEA Dušo želė vyrams ENERGY, 500 ml",
    "price": "3.39",
    "price_2": "6,78€/l",
    "extra_info": "–51%"
  },
  {
    "image_url": "https://cdn.barbora.lt/products/c4f1d717-aa8c-4a08-a34c-f4e434f49b8f_m.png",
    "title": "Padažo AMERICAN RANCH mišinys SANTA MARIA TEX MEX, 14 g",
    "price": "1.39",
    "price_2": null,
    "extra_info": "2 ar daugiau su –50%"
  },
  {
    "image_url": "https://cdn.barbora.lt/products/85d7ffab-3005-4dd9-821d-2722ffea3b51_m.png",
    "title": "Maltos mėsos prieskoniai SANTA MARIA, 80 g",
    "price": "2.15",
    "price_2": null,
    "extra_info": "2 ar daugiau su –50%"
  },
  {
    "image_url": "https://cdn.barbora.lt/products/f3f67778-1b5e-4739-9baf-db8bca70e0ac_m.png",
    "title": "Higieniniai įklotai CAREFREE PLUS LARGE FRESH, 20 vnt.",
    "price": "1.99",
    "price_2": "0,1€/vnt.",
    "extra_info": "–31%"
  },
  {
    "image_url": "https://cdn.barbora.lt/products/052b0fb5-c587-4668-915b-075fe6cbed66_m.png",
    "title": "Prieskonių mišinys VEGETA NATUR BURGER, 20 g",
    "price": "0.69",
    "price_2": null,
    "extra_info": "2 ar daugiau su –40%"
  },
  {
    "image_url": "https://cdn.barbora.lt/products/cb48a50f-08a5-4847-ae80-97eac32c098e_m.png",
    "title": "Greitai paruošiami makaronai MAGGI, vištienos skonio, 121 g",
    "price": "1.55",
    "price_2": "12,81€/kg",
    "extra_info": "–40%"
  },
  {
    "image_url": "https://cdn.barbora.lt/products/b93fddf9-4b40-477b-9248-a411d95d8d36_m.png",
    "title": "Žalioji arbata LOYD GREEN MATCHA, 30 g",
    "price": "2.99",
    "price_2": null,
    "extra_info": "2 ar daugiau su –25%"
  },
  {
    "image_url": "https://cdn.barbora.lt/products/96a8a94c-37b6-49b1-ae27-36920d8351cd_m.png",
    "title": "Skalbimo kapsulės PERSIL Discs Color 13sk., 13 vnt.",
    "price": "5.35",
    "price_2": "0,41€/vnt.",
    "extra_info": "–40%"
  },
  {
    "image_url": "https://cdn.barbora.lt/products/a8df4def-f6ff-4bca-8f1d-89567badd131_m.png",
    "title": "Žalioji arbata su mandarinais ir imbierais WELL DONE, 40 g",
    "price": "2.29",
    "price_2": null,
    "extra_info": "2 ar daugiau su –25%"
  },
  {
    "image_url": "https://cdn.barbora.lt/products/32326225-f8cc-474e-92e2-ace5d1774d91_m.png",
    "title": "Raudonoji arbata su egzotiniais vaisiais WELL DONE, 40 g",
    "price": "2.29",
    "price_2": null,
    "extra_info": "2 ar daugiau su –25%"
  },
  {
    "image_url": "https://cdn.barbora.lt/products/b6a5f66b-e920-4d2f-97da-4628974125d7_m.png",
    "title": "Juodoji arbata WELL DONE, 35 g",
    "price": "1.89",
    "price_2": null,
    "extra_info": "2 ar daugiau su –25%"
  },
  {
    "image_url": "https://cdn.barbora.lt/products/4390739a-8b50-4a4a-921b-3547aeac95f7_m.png",
    "title": "Moteriškos kojinės IMG LASCA NERO, one size,80 den.",
    "price": "1.64",
    "price_2": "1,64€/vnt.",
    "extra_info": "–50%"
  },
  {
    "image_url": "https://cdn.barbora.lt/products/294a95a5-8414-4a78-abe9-f75eb58bcf9a_m.png",
    "title": "Kiaušininiai makaronai MAGGI, antienos skonio, 119 g",
    "price": "1.55",
    "price_2": "13,02€/kg",
    "extra_info": "–40%"
  },
  {
    "image_url": "https://cdn.barbora.lt/products/182b8d95-b670-4f38-879f-91ffecd267a3_m.png",
    "title": "Tirpioji įvairių vaisių skonio arbata EKLAND, 350 g",
    "price": "1.99",
    "price_2": null,
    "extra_info": "2 ar daugiau su –25%"
  },
  {
    "image_url": "https://cdn.barbora.lt/products/f57f2f2f-0f8b-4fba-84b2-fdf8b080360c_m.png",
    "title": "NIVEA FOR MEN Balzamas po skutimosi jautriai odai SENSITIVE, 100 ml",
    "price": "5.99",
    "price_2": "59,9€/l",
    "extra_info": "–50%"
  },
  {
    "image_url": "https://cdn.barbora.lt/products/14e5fe73-1224-4a36-8b6c-8a40e7b72a87_m.png",
    "title": "Meduolių prieskoniai SANTA MARIA, 30 g",
    "price": "1.49",
    "price_2": null,
    "extra_info": "2 ar daugiau su –50%"
  },
  {
    "image_url": "https://cdn.barbora.lt/products/03c77b8b-6594-454b-8ca7-933f34c97460_m.png",
    "title": "Higieniniai paketai ALWAYS Ultra Normal Plus, S1, 40 vnt.",
    "price": "5.59",
    "price_2": "0,14€/vnt.",
    "extra_info": "–30%"
  },
  {
    "image_url": "https://cdn.barbora.lt/products/81de1956-e0eb-49ec-ad81-41e45972c8aa_m.png",
    "title": "Vaikiška prausimosi želė HIPP BABY SANFT, 400 ml",
    "price": "6.65",
    "price_2": null,
    "extra_info": "2 ar daugiau su –40%"
  },
  {
    "image_url": "https://cdn.barbora.lt/products/a1dc231e-c5f1-476d-a697-5b9c4982e7d0_m.png",
    "title": "Akmens druska SANTA MARIA, malūnėlyje, 455 g",
    "price": "6.99",
    "price_2": null,
    "extra_info": "2 ar daugiau su –50%"
  },
  {
    "image_url": "https://cdn.barbora.lt/products/944f3507-bfd4-4426-a1d4-2a62c3b35b00_m.png",
    "title": "Burnos skalavimo skystis LISTERINE COOLMINT, 1 l",
    "price": "9.99",
    "price_2": null,
    "extra_info": "2 ar daugiau su –40%"
  },
  {
    "image_url": "https://cdn.barbora.lt/products/f9f79ee5-eed2-481a-859e-02ba14866da9_m.png",
    "title": "Plaukų lakas SYOSS Keratin, 300 ml",
    "price": "8.19",
    "price_2": null,
    "extra_info": "2 ar daugiau su –40%"
  },
  {
    "image_url": "https://cdn.barbora.lt/products/22184a3e-98f8-4091-bef5-3f8130deacdb_m.png",
    "title": "Šaltalankių arbata SKANOVĖ, 300 g",
    "price": "5.79",
    "price_2": null,
    "extra_info": "2 ar daugiau su –25%"
  },
  {
    "image_url": "https://cdn.barbora.lt/products/fd83c62d-ac8f-4a58-8a41-d23f73af8103_m.png",
    "title": "Žalioji arbata IMPRA ROYAL ELXIR GREEN, 100 g",
    "price": "3.09",
    "price_2": null,
    "extra_info": "2 ar daugiau su –25%"
  },
  {
    "image_url": "https://cdn.barbora.lt/products/5f2d7c13-0364-41fa-a30d-b97941f41ca0_m.png",
    "title": "Vaikiškas šampūnas-prausiklis HIPP (BABY SANFT), 200 ml",
    "price": "5.19",
    "price_2": null,
    "extra_info": "2 ar daugiau su –40%"
  },
  {
    "image_url": "https://cdn.barbora.lt/products/0b2beba1-83e7-4876-aa2c-439a6988a8e4_m.png",
    "title": "NIVEA BLACK&WHITE FRESH rutulinis antiperspirantas vyrams, 50 ml",
    "price": "2.39",
    "price_2": "47,8€/l",
    "extra_info": "–50%"
  },
  {
    "image_url": "https://cdn.barbora.lt/products/0408b752-6151-4fc7-a4cd-01b672bdd77a_m.png",
    "title": "Dantų pasta PARODONTAX COMPLETE PROTECTION EXTRA FRESH, 75 ml",
    "price": "7.69",
    "price_2": null,
    "extra_info": "2 ar daugiau su –40%"
  },
  {
    "image_url": "https://cdn.barbora.lt/products/253ec3a4-c981-4f8a-b2cf-5fe7968e820b_m.png",
    "title": "Burnos skalavimo skystis GENERA DELICATE MINT, 500 ml",
    "price": "1.73",
    "price_2": null,
    "extra_info": "2 ar daugiau su –40%"
  },
  {
    "image_url": "https://cdn.barbora.lt/products/1ff45629-b65b-4d63-b2f6-0502d3844d59_m.png",
    "title": "Plaukų šampūnas SYOSS Repair, 440 ml",
    "price": "7.49",
    "price_2": null,
    "extra_info": "2 ar daugiau su –40%"
  },
  {
    "image_url": "https://cdn.barbora.lt/products/8a4d7a90-676f-435b-928f-d577b5547e9d_m.png",
    "title": "Gazuotas gėrimas SPRITE, 500 ml",
    "price": "1.29",
    "price_2": null,
    "extra_info": "2 už 1,89€"
  },
  {
    "image_url": "https://cdn.barbora.lt/products/5725ac26-7315-4604-8240-3472d8426960_m.png",
    "title": "Veganiški žirnių kukulaičiai GOURMET GREEN, 160 g",
    "price": "2.39",
    "price_2": "14,94€/kg",
    "extra_info": "–20%"
  },
  {
    "image_url": "https://cdn.barbora.lt/products/c6587f99-db80-4c9c-aef4-2637867608a9_m.png",
    "title": "Dušo gelis NIVEA, 500 ml",
    "price": "3.39",
    "price_2": "6,78€/l",
    "extra_info": "–51%"
  },
  {
    "image_url": "https://cdn.barbora.lt/products/4f9bb8c8-a75a-4486-af4e-6fdbedfbd50c_m.png",
    "title": "Sausainiai FAZER MOOMIN, 175 g, 175 g",
    "price": "2.65",
    "price_2": null,
    "extra_info": "2 ar daugiau su –25%"
  },
  {
    "image_url": "https://cdn.barbora.lt/products/4a101673-970c-4591-9fd8-f85f66249aac_m.png",
    "title": "Skyst. skalb. papildas L'ARBRE VERT jautriai odai,34 skalb., 1.54 l",
    "price": "7.59",
    "price_2": "4,93€/l",
    "extra_info": "–40%"
  },
  {
    "image_url": "https://cdn.barbora.lt/products/ee19f59f-4cbc-4367-a399-5dab625855d6_m.png",
    "title": "Švelnus kebabų padažas FELIX, 335 g",
    "price": "2.16",
    "price_2": "6,45€/kg",
    "extra_info": "–25%"
  },
  {
    "image_url": "https://cdn.barbora.lt/products/84a1722a-67f9-4c05-be81-8e78c0acd32b_m.png",
    "title": "Burnos skalavimo skystis LACALUT AKTIV, 250 ml",
    "price": "2.75",
    "price_2": "11€/l",
    "extra_info": "–36%"
  },
  {
    "image_url": "https://cdn.barbora.lt/products/0ed19c52-723f-409e-8c74-ad3011d81f7b_m.png",
    "title": "Plaukų kondicionierius NIVEA, 200 ml",
    "price": "2.39",
    "price_2": "11,95€/l",
    "extra_info": "–50%"
  },
  {
    "image_url": "https://cdn.barbora.lt/products/ed3b2a05-016f-480a-9572-1d41c094ad91_m.png",
    "title": "Dantų pasta COLGATE MAX WHITE CRYSTALS 125 ml",
    "price": "4.99",
    "price_2": null,
    "extra_info": "2 ar daugiau su –40%"
  },
  {
    "image_url": "https://cdn.barbora.lt/products/568ab3b6-cbf0-4827-9c94-3fd404e6d0ee_m.png",
    "title": "Pesto padažas FELIX SPECIAL, 285 g",
    "price": "1.86",
    "price_2": "6,53€/kg",
    "extra_info": "–25%"
  },
  {
    "image_url": "https://cdn.barbora.lt/products/624b9354-4fe3-451f-a9cd-51468e9b0a07_m.png",
    "title": "Juodoji Ceilono arbata IMPRA ROYAL ELIXIR KNIGHT, 25 vnt.",
    "price": "1.99",
    "price_2": null,
    "extra_info": "2 ar daugiau su –25%"
  },
  {
    "image_url": "https://cdn.barbora.lt/products/b527c8f6-f145-4c26-b75c-1573c8161ffd_m.png",
    "title": "ECODENTA dantų pasta jautriems dantims su ramunėlių ir gvazdikėlių ekstraktais 100 ml",
    "price": "3.65",
    "price_2": null,
    "extra_info": "2 ar daugiau su –40%"
  },
  {
    "image_url": "https://cdn.barbora.lt/products/d27122e9-9e21-4cd3-a340-f4e80f0d7c2a_m.png",
    "title": "Sausas marinato mišinys SANTA MARIA vištienai, 30 g",
    "price": "1.19",
    "price_2": null,
    "extra_info": "2 ar daugiau su –50%"
  },
  {
    "image_url": "https://cdn.barbora.lt/products/bffd1c72-80e8-440e-8c2e-003630839171_m.png",
    "title": "Nuo karščio apsaugantis plaukų purškiklis SYOSS Keratin Heat, 200 ml",
    "price": "8.29",
    "price_2": null,
    "extra_info": "2 ar daugiau su –40%"
  },
  {
    "image_url": "https://cdn.barbora.lt/products/fe30b612-c2f8-4df6-b5d9-84801baca724_m.png",
    "title": "Plaukų šampūnas GENERA su persikų ekstraktu, 500 ml",
    "price": "1.83",
    "price_2": null,
    "extra_info": "2 ar daugiau su –40%"
  },
  {
    "image_url": "https://cdn.barbora.lt/products/df7e8453-d31b-4359-bcbe-a9cae740eb70_m.png",
    "title": "NIVEA Olive drėkinamasis rankų kremas, 75 ml",
    "price": "1.89",
    "price_2": "25,2€/l",
    "extra_info": "–50%"
  },
  {
    "image_url": "https://cdn.barbora.lt/products/75a5abfe-b301-4281-a103-8cd10fd9395c_m.png",
    "title": "Žolelių arbata ŽOLYNĖLIO LIETUVOS REGIONŲ RINKINYS, 105 g",
    "price": "7.99",
    "price_2": null,
    "extra_info": "2 ar daugiau su –25%"
  },
  {
    "image_url": "https://cdn.barbora.lt/products/5475ba0b-5617-4fa8-a49a-72ccca63bcf7_m.png",
    "title": "Sviestiniai sausainiai su cinamonu, 250 g",
    "price": "2.59",
    "price_2": null,
    "extra_info": "2 ar daugiau su –25%"
  },
  {
    "image_url": "https://cdn.barbora.lt/products/988df16a-5cf0-4df6-9428-b322f57c5e80_m.png",
    "title": "Keksas su šokolado skonio gabaliukais, 300 g",
    "price": "3.49",
    "price_2": null,
    "extra_info": "2 ar daugiau su –25%"
  },
  {
    "image_url": "https://cdn.barbora.lt/products/be676768-8645-4a62-adaa-523fd472de5b_m.png",
    "title": "Vaikiška dantų pasta COLGATE TOTAL JUNIOR, 7-12 metų, 50 ml",
    "price": "3.79",
    "price_2": null,
    "extra_info": "2 ar daugiau su –40%"
  },
  {
    "image_url": "https://cdn.barbora.lt/products/aed5579d-e498-4237-950d-99bfaba72161_m.png",
    "title": "Tarpdančių šepetėliai JORDAN BRUSH BETWEEN, XS / 0,4 mm, 10 vnt.",
    "price": "5.79",
    "price_2": null,
    "extra_info": "2 ar daugiau su –40%"
  },
  {
    "image_url": "https://cdn.barbora.lt/products/f4cc65a5-b4be-4594-81f8-df5153d213dd_m.png",
    "title": "Ekologiškų paprikų milteliai SANTA MARIA, 36 g",
    "price": "3.29",
    "price_2": null,
    "extra_info": "2 ar daugiau su –50%"
  },
  {
    "image_url": "https://cdn.barbora.lt/products/264fa09f-d1e8-421c-ad1a-8576670a8a58_m.png",
    "title": "Vynuogių sėklų aliejus BASSO, 500 ml",
    "price": "3.29",
    "price_2": "6,58€/l",
    "extra_info": "–40%"
  },
  {
    "image_url": "https://cdn.barbora.lt/products/989174fa-4dce-4dbf-93a5-8b06c2cab0de_m.png",
    "title": "Pieninio šokolado dražė M&M'S MINIS, 70 g",
    "price": "1.31",
    "price_2": "18,72€/kg",
    "extra_info": "–40%"
  },
  {
    "image_url": "https://cdn.barbora.lt/products/5ce6a9d0-b9eb-48f9-84cf-f5010a7d6cbe_m.png",
    "title": "Juodoji arbata su miško uogomis WELL DONE, 40 g",
    "price": "2.29",
    "price_2": null,
    "extra_info": "2 ar daugiau su –25%"
  },
  {
    "image_url": "https://cdn.barbora.lt/products/68f877dd-79dd-4ca1-8e42-3c1800baf33e_m.png",
    "title": "HISKIN Crazy Hair Trichologinis galvos odos pilingas su laimų ir mėtų aromatu, 100 ml",
    "price": "6.79",
    "price_2": null,
    "extra_info": "2 ar daugiau su –40%"
  },
  {
    "image_url": "https://cdn.barbora.lt/products/d4980052-980f-4461-94c1-7373f4bfea9b_m.png",
    "title": "Sausi pusryčiai NESTLE CORN FLAKES TOFFEE, 350 g",
    "price": "2.27",
    "price_2": "6,49€/kg",
    "extra_info": "–40%"
  },
  {
    "image_url": "https://cdn.barbora.lt/products/399f5028-cda7-4909-b511-be4b26ec3e23_m.png",
    "title": "Bulvių traškučiai TAFFEL STICKS, aštrių pomidorų skonio, 100 g",
    "price": "0.99",
    "price_2": "9,9€/kg",
    "extra_info": "–50%"
  },
  {
    "image_url": "https://cdn.barbora.lt/products/cbd05047-18f9-4c55-950b-b92449f86190_m.png",
    "title": "Sausainiai GERBER, meškučiai, nuo 8 mėn., 180 g",
    "price": "4.79",
    "price_2": null,
    "extra_info": "2 ar daugiau su –25%"
  },
  {
    "image_url": "https://cdn.barbora.lt/products/6a826e57-1818-4baf-9bae-1db5be41f8e9_m.png",
    "title": "Prieskonių mišinys ITALIAN BASILICO SANTA MARIA, 41 g",
    "price": "3.69",
    "price_2": null,
    "extra_info": "2 ar daugiau su –50%"
  },
  {
    "image_url": "https://cdn.barbora.lt/products/3540b48f-4dbc-4c42-9904-fefc73a16f93_m.png",
    "title": "Dantų pasta JORDAN „CARIES DEFENSE“, 75 ml",
    "price": "2.99",
    "price_2": null,
    "extra_info": "2 ar daugiau su –40%"
  },
  {
    "image_url": "https://cdn.barbora.lt/products/da5fc389-a31b-4002-b13a-f819d75fc8f0_m.png",
    "title": "Sausainiai LEIBNIZ ZOO JUNGLE, 100 g",
    "price": "1.69",
    "price_2": null,
    "extra_info": "2 ar daugiau su –25%"
  },
  {
    "image_url": "https://cdn.barbora.lt/products/c513a091-45db-40f3-8341-71ccfadda2f1_m.png",
    "title": "Kūdikių kūno prausiklis BAMBO NATURE EKO, 150 ml",
    "price": "7.99",
    "price_2": null,
    "extra_info": "2 ar daugiau su –40%"
  },
  {
    "image_url": "https://cdn.barbora.lt/products/2432ccf9-b92f-492a-9c85-12c87b397f6e_m.png",
    "title": "Rūkytas augalinės kilmės gaminys GOURMET GREEN, 150 g",
    "price": "1.59",
    "price_2": "10,6€/kg",
    "extra_info": "–20%"
  },
  {
    "image_url": "https://cdn.barbora.lt/products/31b76063-554c-44fa-9e40-55b5b16f4c2f_m.png",
    "title": "Vaikiška dantų pasta JORDAN GREEN CLEAN, 0-5 metų, 50 ml",
    "price": "3.39",
    "price_2": null,
    "extra_info": "2 ar daugiau su –40%"
  },
  {
    "image_url": "https://cdn.barbora.lt/products/506e5cb7-83c6-4344-94b1-bbe61f0c7435_m.png",
    "title": "Kviečių kepsneliai GOURMET GREEN, 200 g",
    "price": "2.05",
    "price_2": "10,25€/kg",
    "extra_info": "–21%"
  },
  {
    "image_url": "https://cdn.barbora.lt/products/73f32069-5eba-4dbd-9866-2f8fef611011_m.png",
    "title": "NIVEA® Moisture Hyaluron šampūnas, 250 ml",
    "price": "2.19",
    "price_2": "8,76€/l",
    "extra_info": "–51%"
  },
  {
    "image_url": "https://cdn.barbora.lt/products/187f4a97-2e40-453c-8adc-7ff7ee5587a0_m.png",
    "title": "Skalbiam. kapsulės PERSIL POWER CAPS UNIVERSAL, 44 skalb., 44 vnt.",
    "price": "13.99",
    "price_2": "0,32€/vnt.",
    "extra_info": "–40%"
  },
  {
    "image_url": "https://cdn.barbora.lt/products/48d249c8-d077-43db-a150-dd361c87f9b8_m.png",
    "title": "KLEBONIŠKAS Vištienos vyniotinis su abrikosais, I.r., 330 g",
    "price": "2.99",
    "price_2": "9,06€/kg",
    "extra_info": "–25%"
  },
  {
    "image_url": "https://cdn.barbora.lt/products/cf451669-b793-44e9-abb0-ed1585782205_m.png",
    "title": "Kinrožių ir aviečių arbata WELL DONE, 50 g",
    "price": "2.29",
    "price_2": null,
    "extra_info": "2 ar daugiau su –25%"
  },
  {
    "image_url": "https://cdn.barbora.lt/products/846a63f7-1d83-4bbb-a041-adb8daac9fda_m.png",
    "title": "Vaflinis batonėlis KIT KAT WHITE, 41.5 g",
    "price": "1.09",
    "price_2": null,
    "extra_info": "2 ar daugiau su –25%"
  },
  {
    "image_url": "https://cdn.barbora.lt/products/ad88e220-f9de-4a38-9722-dd7991f6938e_m.png",
    "title": "Vytinta dešra GOURMET, pjaustyta, aukščiausia rūšis, 150 g",
    "price": "4.49",
    "price_2": null,
    "extra_info": "2 ar daugiau su –20%"
  },
  {
    "image_url": "https://cdn.barbora.lt/products/e340f9e4-bc53-4064-a883-a8d741fdaf49_m.png",
    "title": "Kepimo padažas KORMA SANTA MARIA, 360 g",
    "price": "4.69",
    "price_2": null,
    "extra_info": "2 ar daugiau su –50%"
  },
  {
    "image_url": "https://cdn.barbora.lt/products/83346945-fbb0-40da-9ee3-f80c46e1efdb_m.png",
    "title": "Majonezinis padažas WOWMAMA THOUSAND ISLAND, 25 % rieb., 440 g",
    "price": "1.95",
    "price_2": "4,43€/kg",
    "extra_info": "–30%"
  },
  {
    "image_url": "https://cdn.barbora.lt/products/8db013aa-ca53-4a88-aae9-6427f274885f_m.png",
    "title": "Salotų prieskoniai su žolelėmis SANTA MARIA, 30 g",
    "price": "1.19",
    "price_2": null,
    "extra_info": "2 ar daugiau su –50%"
  },
  {
    "image_url": "https://cdn.barbora.lt/products/0c6d166e-7a04-43f6-be35-25f24d00efab_m.png",
    "title": "Pyragėlis BARNI su šokolado įdaru, 30 g",
    "price": "0.65",
    "price_2": null,
    "extra_info": "2 ar daugiau su –25%"
  },
  {
    "image_url": "https://cdn.barbora.lt/products/07015c30-d875-473e-966d-0088d858ff32_m.png",
    "title": "Maltas kuminas KOTANYI, 20 g",
    "price": "0.83",
    "price_2": "41,5€/kg",
    "extra_info": "–30%"
  },
  {
    "image_url": "https://cdn.barbora.lt/products/238a3ee4-e3ea-4343-8991-3b8b4852a70e_m.png",
    "title": "Penkių rūšių pipirų mišinys SANTA MARIA malūnėlyje, 60 g",
    "price": "8.09",
    "price_2": null,
    "extra_info": "2 ar daugiau su –50%"
  },
  {
    "image_url": "https://cdn.barbora.lt/products/43f0f629-fb66-4009-ad13-b3ecc1239aa7_m.png",
    "title": "Vaisinė arbata LOYD, braškių ir vanilės skonio, 40 g",
    "price": "2.99",
    "price_2": null,
    "extra_info": "2 ar daugiau su –25%"
  },
  {
    "image_url": "https://cdn.barbora.lt/products/eca58b94-22ec-46bc-bb83-60506dce8744_m.png",
    "title": "Padažas WOK SANTA MARIA su austrėmis ir česnakais, 150 g",
    "price": "2.59",
    "price_2": null,
    "extra_info": "2 ar daugiau su –50%"
  },
  {
    "image_url": "https://cdn.barbora.lt/products/031a6f22-e53f-47cb-9b98-bec4037d5dfd_m.png",
    "title": "Biri žalioji Ceilono arbata DILMAH, 100 g",
    "price": "2.99",
    "price_2": null,
    "extra_info": "2 ar daugiau su –25%"
  },
  {
    "image_url": "https://cdn.barbora.lt/products/78a29ab4-39e3-43a6-bfaa-7ddc4e4d1ada_m.png",
    "title": "Plaukų šampūnas GARNIER , 250 ml",
    "price": "4.49",
    "price_2": null,
    "extra_info": "2 ar daugiau su –40%"
  },
  {
    "image_url": "https://cdn.barbora.lt/products/43b77f61-78af-4fdf-b0a6-323521264b6e_m.png",
    "title": "Prieskonių mišinys JAPANESE TERIYAKI SANTA MARIA, 44 g",
    "price": "3.69",
    "price_2": null,
    "extra_info": "2 ar daugiau su –50%"
  },
  {
    "image_url": "https://cdn.barbora.lt/products/b25a8a0b-2525-4674-a9ac-589799f9e32e_m.png",
    "title": "Kūdikių plaukų ir kūno prausiklis JOHNSON'S TTT, 500 ml",
    "price": "5.99",
    "price_2": null,
    "extra_info": "2 ar daugiau su –40%"
  },
  {
    "image_url": "https://cdn.barbora.lt/products/4de5ef8e-4bba-4e4a-8f64-067228cb19c2_m.png",
    "title": "Vafliniai batonėliai LION WHITE, 2 vnt., 60 g",
    "price": "1.19",
    "price_2": null,
    "extra_info": "2 ar daugiau su –25%"
  },
  {
    "image_url": "https://cdn.barbora.lt/products/2e689048-7c15-477a-89ad-a90f2e0f48e8_m.png",
    "title": "Dantų pasta ECODENTA, 75 ml",
    "price": "3.19",
    "price_2": null,
    "extra_info": "2 ar daugiau su –40%"
  },
  {
    "image_url": "https://cdn.barbora.lt/products/eaf76ef8-b836-4f1e-9b4a-5d60548d265a_m.png",
    "title": "Konservuotas kačių ėdalas LOVETT su žuvimi, 415 g",
    "price": "0.52",
    "price_2": "1,25€/kg",
    "extra_info": "–31%"
  },
  {
    "image_url": "https://cdn.barbora.lt/products/63732ba4-03ac-4a49-b90f-978917832af6_m.png",
    "title": "NIVEA MEN \"FRESH KICK\" rutulinis antiperspirantas vyrams, 50 ml",
    "price": "2.39",
    "price_2": "47,8€/l",
    "extra_info": "–50%"
  },
  {
    "image_url": "https://cdn.barbora.lt/products/922271e9-c40f-4345-a12a-c3891c0fe931_m.png",
    "title": "Vaisinė arbata TWININGS su braškių ir mangų gabaliukais, 40 g",
    "price": "5.49",
    "price_2": null,
    "extra_info": "2 ar daugiau su –25%"
  },
  {
    "image_url": "https://cdn.barbora.lt/products/98bbba6a-5a50-46d9-b343-c73f557f6f11_m.png",
    "title": "Vonios putos HIPP BABY SANFT, 300 ml",
    "price": "4.99",
    "price_2": null,
    "extra_info": "2 ar daugiau su –40%"
  },
  {
    "image_url": "https://cdn.barbora.lt/products/aa0668d1-640c-4598-a983-96e6a24308f5_m.png",
    "title": "Odontologinių plokštelių šepetėlis JORDAN CLINIC INTERBRUSH, 1 vnt.",
    "price": "4.49",
    "price_2": null,
    "extra_info": "2 ar daugiau su –40%"
  },
  {
    "image_url": "https://cdn.barbora.lt/products/ed731856-3f7c-4085-90b4-8bf553680d4b_m.png",
    "title": "Biri ulongo arbata ETNO. MILK OOLONG, 70 g",
    "price": "5.49",
    "price_2": null,
    "extra_info": "2 ar daugiau su –25%"
  },
  {
    "image_url": "https://cdn.barbora.lt/products/e436bded-e9fe-453e-b595-307ed66a855c_m.png",
    "title": "Rūkytas vytintas itališkas kiaulienos kumpis SPECK, nerūš., 80 g",
    "price": "2.19",
    "price_2": "27,38€/kg",
    "extra_info": "–27%"
  },
  {
    "image_url": "https://cdn.barbora.lt/products/4833943f-8cb9-4b43-8cb9-5c3aaeff5fc2_m.png",
    "title": "Higieniniai įklotai CAREFREE PLUS LARGE FRESH, 48 vnt., 48 vnt.",
    "price": "3.79",
    "price_2": "0,08€/vnt.",
    "extra_info": "–31%"
  },
  {
    "image_url": "https://cdn.barbora.lt/products/bfa04c0d-d9cd-4237-b8a0-61c18a422540_m.png",
    "title": "Žalioji arbata LOYD MATCHA, 40 g",
    "price": "9.99",
    "price_2": null,
    "extra_info": "2 ar daugiau su –25%"
  },
  {
    "image_url": "https://cdn.barbora.lt/products/f925653f-553f-4212-ad45-5251f3e92f2e_m.png",
    "title": "Tuno paštetas ZIGMAS, 85 g",
    "price": "1.49",
    "price_2": "17,53€/kg",
    "extra_info": "–21%"
  },
  {
    "image_url": "https://cdn.barbora.lt/products/02040dbd-db47-4a81-ba41-69e064aa8522_m.png",
    "title": "HISKIN Crazy Hair Atkuriamoji plaukų kaukė su mėlynių aromatu, 300 ml",
    "price": "7.99",
    "price_2": null,
    "extra_info": "2 ar daugiau su –40%"
  },
  {
    "image_url": "https://cdn.barbora.lt/products/ed1f6f41-52d7-4861-97fb-af655dfd5bfb_m.png",
    "title": "Rankų kremas NEUTROGENA NORWEGIAN FORMULA INTENSE REPAIR CIC, 50 ml",
    "price": "4.65",
    "price_2": "93€/l",
    "extra_info": "–30%"
  },
  {
    "image_url": "https://cdn.barbora.lt/products/c20f96de-189f-4b19-aeee-f87250febceb_m.png",
    "title": "Biri ramunėlių arbata WELL DONE, 30 g",
    "price": "1.79",
    "price_2": null,
    "extra_info": "2 ar daugiau su –25%"
  },
  {
    "image_url": "https://cdn.barbora.lt/products/5c943898-25cb-4381-8135-b092099d435c_m.png",
    "title": "Skalbimo kapsulės PERSIL SENSITIVE, 37 skalbimams, 37 vnt.",
    "price": "13.99",
    "price_2": "0,38€/vnt.",
    "extra_info": "–40%"
  },
  {
    "image_url": "https://cdn.barbora.lt/products/380bed4e-10db-42c3-88d3-01558dd7abc5_m.png",
    "title": "GINTARINIAI spagečiai, 400 g",
    "price": "0.57",
    "price_2": "1,43€/kg",
    "extra_info": "–36%"
  },
  {
    "image_url": "https://cdn.barbora.lt/products/1bac9cf9-29da-4ab4-8a3d-49ce20488d48_m.png",
    "title": "Priesk. mišinys SANTA MARIA su aitr. paprikomis malūnėlyje, 70 g",
    "price": "4.49",
    "price_2": null,
    "extra_info": "2 ar daugiau su –50%"
  },
  {
    "image_url": "https://cdn.barbora.lt/products/e18b2c78-4cac-4edf-80af-51b919ad0bb0_m.png",
    "title": "Plaukų šampūnas HEAD&SHOULDERS Menthol , 400 ml",
    "price": "8.49",
    "price_2": null,
    "extra_info": "2 ar daugiau su –40%"
  },
  {
    "image_url": "https://cdn.barbora.lt/products/135afa74-5105-410d-a8fe-7cb34503ce32_m.png",
    "title": "Pomidorų padažas FELIX su bazilikais ir alyvuogių aliejumi, 360 g",
    "price": "2.24",
    "price_2": "6,23€/kg",
    "extra_info": "–25%"
  },
  {
    "image_url": "https://cdn.barbora.lt/products/6cec34e5-bc7b-4d3c-9e68-5709232a7099_m.png",
    "title": "Minkšti sausainiai MERBA su šokoladu, 210 g",
    "price": "2.49",
    "price_2": null,
    "extra_info": "2 ar daugiau su –25%"
  },
  {
    "image_url": "https://cdn.barbora.lt/products/8d137360-f04e-4b5d-84ae-93b38af4231f_m.png",
    "title": "Plaukų balzamas GARNIER FRUCTIS, 200 ml",
    "price": "4.99",
    "price_2": null,
    "extra_info": "2 ar daugiau su –40%"
  },
  {
    "image_url": "https://cdn.barbora.lt/products/9bd9a50f-8f94-40e1-91f8-ec3c9d9f5bdd_m.png",
    "title": "Moteriškos pėdkelnės IMG Slim 100den 5 dydis nero",
    "price": "3.24",
    "price_2": "3,24€/vnt.",
    "extra_info": "–50%"
  },
  {
    "image_url": "https://cdn.barbora.lt/products/526ae21d-3acc-42a8-a8a4-bdbda244e1d7_m.png",
    "title": "MAMOS BRAŠKIŲ žalioji arbata, 50 g",
    "price": "2.99",
    "price_2": null,
    "extra_info": "2 ar daugiau su –25%"
  },
  {
    "image_url": "https://cdn.barbora.lt/products/f3d3107f-c07e-4360-85c3-b2e52166b0c3_m.png",
    "title": "Arbata TWININGS, aviečių ir granatų skonio, 20 vnt.",
    "price": "5.49",
    "price_2": null,
    "extra_info": "2 ar daugiau su –25%"
  },
  {
    "image_url": "https://cdn.barbora.lt/products/e929050d-0bbe-4a0a-8834-fd3faa350466_m.png",
    "title": "Mažos kukurūzų geldelės takams SANTA MARIA TEX MEX, 10 vnt., 86 g",
    "price": "3.39",
    "price_2": null,
    "extra_info": "2 ar daugiau su –50%"
  },
  {
    "image_url": "https://cdn.barbora.lt/products/7c2b72a4-0239-43a3-97d3-7b321fd1a09c_m.png",
    "title": "Sausainiai DOMINO ORIGINAL VEGAN, 175 g",
    "price": "2.69",
    "price_2": null,
    "extra_info": "2 ar daugiau su –25%"
  },
  {
    "image_url": "https://cdn.barbora.lt/products/290a0642-bc49-43ef-82e9-17365008e9e2_m.png",
    "title": "NIVEA Fresh Sensation rutulinis dezodorantas antiperspirantas moterims, 50 ml",
    "price": "2.39",
    "price_2": "47,8€/l",
    "extra_info": "–50%"
  },
  {
    "image_url": "https://cdn.barbora.lt/products/71a4ff06-b0cc-4a24-b563-0f421725d3f4_m.png",
    "title": "Arbata LOYD, mėtų ir imbierų skonio, 40 g",
    "price": "2.99",
    "price_2": null,
    "extra_info": "2 ar daugiau su –25%"
  },
  {
    "image_url": "https://cdn.barbora.lt/products/db50997a-6bf0-4958-a106-101f43bc6ed5_m.png",
    "title": "Juodoji arbata EARL GREY WELL DONE, 35 g",
    "price": "1.79",
    "price_2": null,
    "extra_info": "2 ar daugiau su –25%"
  },
  {
    "image_url": "https://cdn.barbora.lt/products/1c7d2109-f54f-47cd-8b98-acad0ba27a15_m.png",
    "title": "Žolelių arbata CALM WELL DONE, 30 g",
    "price": "2.29",
    "price_2": null,
    "extra_info": "2 ar daugiau su –25%"
  },
  {
    "image_url": "https://cdn.barbora.lt/products/21617ebf-c7ca-440f-a515-c1b7ae3d5829_m.png",
    "title": "Kisielius KLINGAI, braškių ir rabarbarų skonio, su saldikliu, 100 g",
    "price": "1.11",
    "price_2": "11,1€/kg",
    "extra_info": "–26%"
  },
  {
    "image_url": "https://cdn.barbora.lt/products/3b87de5d-cf51-4415-8dcd-95fc634bac21_m.png",
    "title": "Keksas su apelsinų cukatomis, 260 g",
    "price": "2.09",
    "price_2": "8,04€/kg",
    "extra_info": "–13%"
  },
  {
    "image_url": "https://cdn.barbora.lt/products/1cf70a19-6aed-4b88-97e6-d213ccaa837f_m.png",
    "title": "NIVEA Soft drėkinamasis kremas veidui, kūnui, rankoms, 75 ml",
    "price": "2.69",
    "price_2": "35,87€/l",
    "extra_info": "–50%"
  },
  {
    "image_url": "https://cdn.barbora.lt/products/8dc6f50c-3924-4cc7-98bd-6a2bb12fddf9_m.png",
    "title": "NIVEA Dušo želė vyrams ENERGY, 250 ml",
    "price": "2.09",
    "price_2": "8,36€/l",
    "extra_info": "–50%"
  },
  {
    "image_url": "https://cdn.barbora.lt/products/08d2e94f-f685-42c9-9dc5-226a730aa531_m.png",
    "title": "Makaronų ir picos prieskonių mišinys SANTA MARIA malūnėlyje, 80 g",
    "price": "5.95",
    "price_2": null,
    "extra_info": "2 ar daugiau su –50%"
  },
  {
    "image_url": "https://cdn.barbora.lt/products/9a03c3af-1759-42b7-970a-965c650a242b_m.png",
    "title": "Burnos skalavimo skystis LISTERINE FRESH, 250 ml",
    "price": "3.59",
    "price_2": null,
    "extra_info": "2 ar daugiau su –40%"
  },
  {
    "image_url": "https://cdn.barbora.lt/products/687fa9b0-7d75-4bec-beeb-3e73677d3633_m.png",
    "title": "Vaisinė arbata LOYD, braškių ir rabarbarų skonio, 40 g",
    "price": "2.99",
    "price_2": null,
    "extra_info": "2 ar daugiau su –25%"
  },
  {
    "image_url": "https://cdn.barbora.lt/products/d6119d01-80cf-49ab-951d-e7d4138dfaff_m.png",
    "title": "Vaisinė arbata LOYD, spanguolių ir aviečių skonio, 40 g",
    "price": "2.99",
    "price_2": null,
    "extra_info": "2 ar daugiau su –25%"
  },
  {
    "image_url": "https://cdn.barbora.lt/products/76102b19-72fe-4f2d-9e62-c9bfebc542e2_m.png",
    "title": "Plaukų šampūnas GENERA su ramunėlėmis, 500 ml",
    "price": "1.83",
    "price_2": null,
    "extra_info": "2 ar daugiau su –40%"
  },
  {
    "image_url": "https://cdn.barbora.lt/products/4c54fd48-3112-4361-acab-b98a72774274_m.png",
    "title": "MOČIUTĖS žolelių arbata, 40 g",
    "price": "1.99",
    "price_2": null,
    "extra_info": "2 ar daugiau su –25%"
  },
  {
    "image_url": "https://cdn.barbora.lt/products/be5e7e57-6227-4ca5-b596-e21d7091f8f1_m.png",
    "title": "Dantų pasta NIDA su bruknių ekstraktu, 100 ml",
    "price": "2.89",
    "price_2": null,
    "extra_info": "2 ar daugiau su –40%"
  },
  {
    "image_url": "https://cdn.barbora.lt/products/baa091e7-028b-4a17-b084-cfe12bb34697_m.png",
    "title": "Fiksuojamasis dantų protezų kremas COREGA GUM, 40 g",
    "price": "6.59",
    "price_2": null,
    "extra_info": "2 ar daugiau su –40%"
  },
  {
    "image_url": "https://cdn.barbora.lt/products/39750414-998c-47de-ba5a-e2ba98c641f2_m.png",
    "title": "NIVEA® RANKŲ KREMAS 3 IN 1 ANTI-AGE su Q10 kompleksu ir UV filtru, 100 ml",
    "price": "3.59",
    "price_2": "35,9€/l",
    "extra_info": "–50%"
  },
  {
    "image_url": "https://cdn.barbora.lt/products/7cf2abfa-96ee-41ca-afdd-3e33362d0003_m.png",
    "title": "Vaikiška dantų pasta BIOREPAIR JUNIOR MINT, 7-14 metų, 75 ml",
    "price": "5.99",
    "price_2": null,
    "extra_info": "2 ar daugiau su –40%"
  },
  {
    "image_url": "https://cdn.barbora.lt/products/afc08992-6179-4676-8fdb-2eb9f9390d61_m.png",
    "title": "Vaflinis batonėlis KITKAT CHUNKY, 160 g",
    "price": "4.79",
    "price_2": null,
    "extra_info": "2 ar daugiau su –25%"
  },
  {
    "image_url": "https://cdn.barbora.lt/products/9b352cde-1240-468b-bc2e-751464d2ad85_m.png",
    "title": "Moteriškas purškiamasis antiperspirantas DOVE ORIGINAL, 150 ml",
    "price": "2.29",
    "price_2": "15,27€/l",
    "extra_info": "–50%"
  },
  {
    "image_url": "https://cdn.barbora.lt/products/06d5448c-e728-4ccb-8b61-38e0d1c4b861_m.png",
    "title": "Sausainiai su lazdynų riešutų įdaru WELL DONE, 175 g",
    "price": "1.89",
    "price_2": null,
    "extra_info": "2 ar daugiau su –25%"
  },
  {
    "image_url": "https://cdn.barbora.lt/products/9dcde614-4b4b-4f48-8dd0-c7b31f345829_m.png",
    "title": "Lazdelės su braškių skonio glaistu POCKY, 45 g",
    "price": "2.59",
    "price_2": null,
    "extra_info": "2 ar daugiau su –25%"
  },
  {
    "image_url": "https://cdn.barbora.lt/products/d4cfb916-ec14-48a7-88aa-d25fa4b32fe3_m.png",
    "title": "Dušo želė DOVE ADVANCED CARE ANTI-STRESS, 400 ml",
    "price": "3.79",
    "price_2": "9,48€/l",
    "extra_info": "–51%"
  },
  {
    "image_url": "https://cdn.barbora.lt/products/7dacf6fd-412d-4588-b857-4cc56ce6e3b3_m.png",
    "title": "SENSODYNE dantų pasta Daily Protection 100ml",
    "price": "5.09",
    "price_2": null,
    "extra_info": "2 ar daugiau su –40%"
  },
  {
    "image_url": "https://cdn.barbora.lt/products/85bb9f85-d2e3-4d25-b5cd-1396c5b21d18_m.png",
    "title": "Traškučiai TAFFEL, grietinės ir svogūnų skonio, 130 g",
    "price": "1.04",
    "price_2": "8€/kg",
    "extra_info": "–50%"
  },
  {
    "image_url": "https://cdn.barbora.lt/products/673a925c-833a-4a8e-a50a-d69bdded9ad6_m.png",
    "title": "Plaukų kaukė SYOSS Intense Keratin, 400ml",
    "price": "9.99",
    "price_2": null,
    "extra_info": "2 ar daugiau su –40%"
  },
  {
    "image_url": "https://cdn.barbora.lt/products/d2295021-7abf-4332-8e9c-a9520ee221da_m.png",
    "title": "Dušo gelis DOVE CREAMY INDULGING, 720 ml",
    "price": "4.99",
    "price_2": "6,93€/l",
    "extra_info": "–50%"
  },
  {
    "image_url": "https://cdn.barbora.lt/products/20062867-f69a-489d-96a9-e6f15a04d1c1_m.png",
    "title": "Sausainiai BALVITEN su spanguolėmis be glitimo, 150 g",
    "price": "2.63",
    "price_2": "17,53€/kg",
    "extra_info": "–20%"
  },
  {
    "image_url": "https://cdn.barbora.lt/products/4be90492-1a2b-4487-a259-c8c3cfe86c69_m.png",
    "title": "NIVEA® Color Care hairspray, 250 ml",
    "price": "3.59",
    "price_2": "14,36€/l",
    "extra_info": "–50%"
  },
  {
    "image_url": "https://cdn.barbora.lt/products/8c7223c5-684b-44fd-819c-0f0a09710d9f_m.png",
    "title": "Vyriškas pieštukinis dezodorantas REXONA COBALT, 50 ml",
    "price": "2.09",
    "price_2": "41,8€/l",
    "extra_info": "–51%"
  },
  {
    "image_url": "https://cdn.barbora.lt/products/aac15705-e161-49f3-a797-c10982c3ab76_m.png",
    "title": "Cinamono lazdelės KOTANYI, 17 g",
    "price": "1.39",
    "price_2": "81,77€/kg",
    "extra_info": "–30%"
  },
  {
    "image_url": "https://cdn.barbora.lt/products/3b91952f-cb9d-47c2-8902-126a719aeb5c_m.png",
    "title": "Dantų pasta BIOREPAIR TOTAL PROTECTIVE REPAIR, 75 ml",
    "price": "7.29",
    "price_2": null,
    "extra_info": "2 ar daugiau su –40%"
  },
  {
    "image_url": "https://cdn.barbora.lt/products/a831b493-168f-4833-920f-1e9c09d55f79_m.png",
    "title": "Burnos skalavimo skystis ORAL-B 3D White Luxe Perfection, 500 ml",
    "price": "6.79",
    "price_2": null,
    "extra_info": "2 ar daugiau su –40%"
  },
  {
    "image_url": "https://cdn.barbora.lt/products/08a6065d-de12-4ce0-8453-4f29d8b419d9_m.png",
    "title": "Moteriškos puskojinės ORI Star40(2p), un,nero,TI,6",
    "price": "1.74",
    "price_2": "0,87€/vnt.",
    "extra_info": "–50%"
  },
  {
    "image_url": "https://cdn.barbora.lt/products/0f48dc56-b5d0-414f-8023-357040b84ef3_m.png",
    "title": "Sausasis plaukų šampūnas BATISTE FRESH, 200 ml",
    "price": "4.99",
    "price_2": null,
    "extra_info": "2 ar daugiau su –40%"
  },
  {
    "image_url": "https://cdn.barbora.lt/products/8b12ef46-ad83-4f36-b468-376446ff71c6_m.png",
    "title": "Ledinukai HALLS, persikų skonio, 45 g",
    "price": "0.89",
    "price_2": null,
    "extra_info": "2 už 1,19€"
  },
  {
    "image_url": "https://cdn.barbora.lt/products/73f33805-819f-4bf7-8823-e63b729bcb57_m.png",
    "title": "Sausas marinato mišinys SANTA MARIA šonkauliukams, 30 g",
    "price": "1.19",
    "price_2": null,
    "extra_info": "2 ar daugiau su –50%"
  },
  {
    "image_url": "https://cdn.barbora.lt/products/23e51a7f-ab1e-4815-8c81-94387d6d8647_m.png",
    "title": "Aviečių arbata SKANOVĖ, 300 g",
    "price": "5.79",
    "price_2": null,
    "extra_info": "2 ar daugiau su –25%"
  },
  {
    "image_url": "https://cdn.barbora.lt/products/7029ecc6-daaa-4d4c-b30c-e02daa7dfeab_m.png",
    "title": "Moteriškos pėdkelnės IMG Slim 100den 4 dydis nero",
    "price": "3.24",
    "price_2": "3,24€/vnt.",
    "extra_info": "–50%"
  },
  {
    "image_url": "https://cdn.barbora.lt/products/03d69fea-0ef7-405c-9b7f-3da09bf3c311_m.png",
    "title": "Dantų pasta ELMEX SENSITIVE PROFESSIONAL, 75 ml",
    "price": "9.49",
    "price_2": null,
    "extra_info": "2 ar daugiau su –40%"
  },
  {
    "image_url": "https://cdn.barbora.lt/products/70f7ba6e-b405-45de-a5e4-19a2d5186267_m.png",
    "title": "Žalioji arbata KAKTUSŲ ŽIEDAI, 70 g",
    "price": "2.99",
    "price_2": null,
    "extra_info": "2 ar daugiau su –25%"
  },
  {
    "image_url": "https://cdn.barbora.lt/products/34cb1188-517e-4b79-9627-4f496bc5954d_m.png",
    "title": "Plaukų balzamas SYOSS Repair, 440 ml",
    "price": "7.49",
    "price_2": null,
    "extra_info": "2 ar daugiau su –40%"
  },
  {
    "image_url": "https://cdn.barbora.lt/products/3caf99f0-f667-4a32-975c-cbfada63e8b8_m.png",
    "title": "Marlinių servetėlių rinkinys KORLĖJA, 5 vnt.",
    "price": "7.59",
    "price_2": null,
    "extra_info": "2 ar daugiau su –40%"
  },
  {
    "image_url": "https://cdn.barbora.lt/products/1c2e89c1-77a4-44ec-80b0-1be47abf1ab2_m.png",
    "title": "Priemonė nuo stiklų rasojimo TURTLE WAX, 500 ml",
    "price": "2.49",
    "price_2": "4,98€/l",
    "extra_info": "–50%"
  },
  {
    "image_url": "https://cdn.barbora.lt/products/c3ea51fe-289b-477c-b67d-a0d7456eaa9b_m.png",
    "title": "NIVEA BLACK&WHITE CLEAR pieštukinis antiperspirantas moterims, 50 ml",
    "price": "2.69",
    "price_2": "53,8€/l",
    "extra_info": "–50%"
  },
  {
    "image_url": "https://cdn.barbora.lt/products/5e915f4b-94d7-41f8-848c-fe63fc8f9fd8_m.png",
    "title": "Uogų tyrė arbatai MASHIE su mangais ir pasiflorais, 180 g",
    "price": "4.69",
    "price_2": null,
    "extra_info": "2 ar daugiau su –25%"
  },
  {
    "image_url": "https://cdn.barbora.lt/products/1d2fe4aa-13fc-43fd-8356-55619cfb23f2_m.png",
    "title": "Amerikietiško stiliaus sausainiai WELL DONE, 150 g",
    "price": "1.79",
    "price_2": null,
    "extra_info": "2 ar daugiau su –25%"
  },
  {
    "image_url": "https://cdn.barbora.lt/products/f2e2ca33-0657-4983-93a6-da1eb9b9b17c_m.png",
    "title": "Moteriškos pėdkelnės IMG TERMO FLEECE 240 nero 4 dydis",
    "price": "2.74",
    "price_2": "2,74€/vnt.",
    "extra_info": "–50%"
  },
  {
    "image_url": "https://cdn.barbora.lt/products/5bd22f0d-8cb3-4869-b108-331858854e61_m.png",
    "title": "Sausainiai CANTUCCI su migdolais, 200 g",
    "price": "3.19",
    "price_2": null,
    "extra_info": "2 ar daugiau su –25%"
  },
  {
    "image_url": "https://cdn.barbora.lt/products/f4aeb720-f573-4763-8ab7-9acca7675402_m.png",
    "title": "Rūgštūs dažantys guminukai ZOZOLE PAINTER, aviečių skonio, 75 g",
    "price": "0.79",
    "price_2": null,
    "extra_info": "2 už 1,09€"
  },
  {
    "image_url": "https://cdn.barbora.lt/products/ec65f2ee-b3fa-47be-b135-ba48102d29e7_m.png",
    "title": "MARTINELIA plaukų purškalas lengvinantis iššukavimą Mermaids, 200 ml",
    "price": "4.99",
    "price_2": null,
    "extra_info": "2 ar daugiau su –40%"
  },
  {
    "image_url": "https://cdn.barbora.lt/products/175b0682-17de-430f-84f8-7cc277cff807_m.png",
    "title": "Dušo gelis DOVE FRUITY NOURISH, 720 ml",
    "price": "4.99",
    "price_2": "6,93€/l",
    "extra_info": "–50%"
  },
  {
    "image_url": "https://cdn.barbora.lt/products/8d761e1a-20cd-4d98-ad9b-15bf57cace38_m.png",
    "title": "Virta dešra MORTADELLA BOLOGNA su pistacijomis, nerūš., 180 g",
    "price": "4.99",
    "price_2": null,
    "extra_info": "2 ar daugiau su –20%"
  },
  {
    "image_url": "https://cdn.barbora.lt/products/d70ab654-b2d4-4998-b7c5-2027be617dd0_m.png",
    "title": "Skutimosi želė NIVEA MEN, 200 ml",
    "price": "3.29",
    "price_2": "16,45€/l",
    "extra_info": "–51%"
  },
  {
    "image_url": "https://cdn.barbora.lt/products/80eb5c54-18d7-4e08-b156-e3ca2031d41e_m.png",
    "title": "Burnos skalavimo skystis LISTERINE COOL MINT, 250 ml",
    "price": "3.59",
    "price_2": null,
    "extra_info": "2 ar daugiau su –40%"
  },
  {
    "image_url": "https://cdn.barbora.lt/products/77e0e007-dabe-4c82-8840-f5a7df87e7b3_m.png",
    "title": "Moteriškos pėdkelnės IMMAGINE MARLEN 40, 3 dydis, nero, 1 vnt.",
    "price": "2.09",
    "price_2": "2,09€/vnt.",
    "extra_info": "–50%"
  },
  {
    "image_url": "https://cdn.barbora.lt/products/61fee2d4-796c-4ed6-9ebd-644b5705833c_m.png",
    "title": "Dantų šepetėlis JORDAN TARGET SENSITIVE ULTRA SOFT, 1 vnt.",
    "price": "3.39",
    "price_2": null,
    "extra_info": "2 ar daugiau su –40%"
  },
  {
    "image_url": "https://cdn.barbora.lt/products/ce6b1a7e-389c-47ad-8c91-628c67412f44_m.png",
    "title": "Kasdienis šampūnas SEBAMED HAIR CARE, 200 ml",
    "price": "10.49",
    "price_2": null,
    "extra_info": "2 ar daugiau su –40%"
  },
  {
    "image_url": "https://cdn.barbora.lt/products/0e0c73e0-057f-4912-aeb2-c9572c3b9b8f_m.png",
    "title": "NIVEA BLACK&WHITE FRESH rutulinis antiperspirantas moterims, 50 ml",
    "price": "2.39",
    "price_2": "47,8€/l",
    "extra_info": "–50%"
  },
  {
    "image_url": "https://cdn.barbora.lt/products/2ab0059f-0570-4b86-af11-b64ce267157f_m.png",
    "title": "Higieniniai įklotai ALWAYS Dailies to GO, Fresh Scent, 20 vnt.",
    "price": "2.09",
    "price_2": "0,1€/vnt.",
    "extra_info": "–30%"
  },
  {
    "image_url": "https://cdn.barbora.lt/products/b1633d30-aa0b-416b-9fff-75f6e6d4b8c9_m.png",
    "title": "Žalioji arbata SIDABRINIS JUNANIS, 80 g",
    "price": "1.99",
    "price_2": null,
    "extra_info": "2 ar daugiau su –25%"
  },
  {
    "image_url": "https://cdn.barbora.lt/products/7f25af05-f3cd-4d4b-a2bb-19ea980bde7a_m.png",
    "title": "NIVEA Dušo želė HAWAI FLOWER & OIL, 500 ml",
    "price": "3.39",
    "price_2": "6,78€/l",
    "extra_info": "–51%"
  },
  {
    "image_url": "https://cdn.barbora.lt/products/88a31fe7-ce83-48ec-bdf5-cc996d16bba0_m.png",
    "title": "Dantų pasta SENSODYNE SENSITIVITY & GUM CARING MINT, 75 ml",
    "price": "7.39",
    "price_2": null,
    "extra_info": "2 ar daugiau su –40%"
  },
  {
    "image_url": "https://cdn.barbora.lt/products/9ac7f8a9-800e-4d3a-aeb3-3a0d94771b02_m.png",
    "title": "Smėlio juostelės, 400 g",
    "price": "3.09",
    "price_2": null,
    "extra_info": "2 ar daugiau su –25%"
  },
  {
    "image_url": "https://cdn.barbora.lt/products/7330a396-b55d-4cde-83ae-b85d94bb7a1d_m.png",
    "title": "Žalioji arbata LOYD su citrinomis ir žaliosiomis citrinomis, 34 g",
    "price": "2.99",
    "price_2": null,
    "extra_info": "2 ar daugiau su –25%"
  },
  {
    "image_url": "https://cdn.barbora.lt/products/1776840f-9c3d-4d6c-b887-1146b166c891_m.png",
    "title": "Dantų siūlas JORDAN WHITENING, 1 vnt.",
    "price": "3.49",
    "price_2": null,
    "extra_info": "2 ar daugiau su –40%"
  },
  {
    "image_url": "https://cdn.barbora.lt/products/25e3813a-07c7-4c8f-b4aa-901be72d7768_m.png",
    "title": "Kukurūzų traškučiai SANTA MARIA PICO DE GALLO, 185 g",
    "price": "2.35",
    "price_2": null,
    "extra_info": "2 ar daugiau su –50%"
  },
  {
    "image_url": "https://cdn.barbora.lt/products/277d7c2a-2869-4f8d-8bbd-05ab0fb4ba24_m.png",
    "title": "Glaistytas vanilės skonio plombyras DADU, 63 g",
    "price": "1.49",
    "price_2": null,
    "extra_info": "2 už 1,99€"
  },
  {
    "image_url": "https://cdn.barbora.lt/products/f5be7a0d-910f-4a0d-8557-0d2cac1a0980_m.png",
    "title": "Ekologiška mačia MOYA DAILY, 30 g",
    "price": "11.59",
    "price_2": null,
    "extra_info": "2 ar daugiau su –25%"
  },
  {
    "image_url": "https://cdn.barbora.lt/products/dbda2d13-13bc-4ce4-a8f8-ab0adc161448_m.png",
    "title": "Viduržemio jūros priesk. mišin. SANTA MARIA be prid. druskos, 24 g",
    "price": "2.29",
    "price_2": null,
    "extra_info": "2 ar daugiau su –50%"
  },
  {
    "image_url": "https://cdn.barbora.lt/products/7cc00700-ba90-4196-8bd7-11f3acaca69c_m.png",
    "title": "NIVEA Q10 STANGRINAMASIS KŪNO LOSJONAS, 400 ml",
    "price": "4.59",
    "price_2": "11,48€/l",
    "extra_info": "–51%"
  },
  {
    "image_url": "https://cdn.barbora.lt/products/82f29295-ae78-4653-93cc-c29fedbe7ef7_m.png",
    "title": "Vytinta ispaniška šoninė ESPANA, nerūš., 80 g",
    "price": "3.29",
    "price_2": null,
    "extra_info": "2 ar daugiau su –20%"
  },
  {
    "image_url": "https://cdn.barbora.lt/products/de9a5125-4c03-4b21-9c2b-a6ceaa924a97_m.png",
    "title": "Dušo želė DOVE ADVANCED CARE NOURISHING, 400 ml",
    "price": "3.79",
    "price_2": "9,48€/l",
    "extra_info": "–51%"
  },
  {
    "image_url": "https://cdn.barbora.lt/products/c49b4eb7-3c67-4f93-a752-6014ad555f20_m.png",
    "title": "Dušo želė DOVE FRESH CARE, 450 ml",
    "price": "3.79",
    "price_2": "8,42€/l",
    "extra_info": "–50%"
  },
  {
    "image_url": "https://cdn.barbora.lt/products/cd27b330-0060-43ef-9bdc-dff50f4c556a_m.png",
    "title": "Lakštinė veido kaukė NIVEA SKIN RADIANCE, 1 vnt.",
    "price": "1.79",
    "price_2": "1,79€/vnt.",
    "extra_info": "–51%"
  },
  {
    "image_url": "https://cdn.barbora.lt/products/bbbc825c-6078-4e88-9670-cc795552ffa8_m.png",
    "title": "Majonezinis čipotlės padažas su Chalapos paprik. SANTA MARIA, 250 ml",
    "price": "4.19",
    "price_2": null,
    "extra_info": "2 ar daugiau su –50%"
  },
  {
    "image_url": "https://cdn.barbora.lt/products/0015ebe8-bdad-4d1b-bed5-b1d986d04a78_m.png",
    "title": "Virtas vištienos kepenėlių vyniotinis, I r., 1 kg",
    "price": "5.99",
    "price_2": "5,99€/kg",
    "extra_info": "–20%"
  },
  {
    "image_url": "https://cdn.barbora.lt/products/0bf8ad30-0dc7-4685-9d0d-a98e034520aa_m.png",
    "title": "Kepti višt. filė kepsneliai džiūvėsėliuose su kalafiorais, 280 g",
    "price": "2.39",
    "price_2": "8,54€/kg",
    "extra_info": "–40%"
  },
  {
    "image_url": "https://cdn.barbora.lt/products/60d2cf5b-6ba6-4a1d-ba42-a62491e323c6_m.png",
    "title": "UNICORN 3D dušo želė ir šampūnas 2 in 1, 400 ml",
    "price": "7.99",
    "price_2": null,
    "extra_info": "2 ar daugiau su –40%"
  },
  {
    "image_url": "https://cdn.barbora.lt/products/28127452-39bb-46ab-b427-3d270eb57925_m.png",
    "title": "Vytinta kiaulienos nugarinė DUROC, nerūšinis gaminys, 80 g",
    "price": "3.99",
    "price_2": null,
    "extra_info": "2 ar daugiau su –20%"
  },
  {
    "image_url": "https://cdn.barbora.lt/products/7c565ca6-e0cf-4add-af80-9e93b69825c2_m.png",
    "title": "Pipirų mišinys SANTA MARIA, 25 g",
    "price": "1.59",
    "price_2": null,
    "extra_info": "2 ar daugiau su –50%"
  },
  {
    "image_url": "https://cdn.barbora.lt/products/b34bc948-c4f1-45a5-bf2b-81a1b860aa9f_m.png",
    "title": "NIVEA Fresh ActiveRutulinis dezodorantas vyrams, 50 ml",
    "price": "2.39",
    "price_2": "47,8€/l",
    "extra_info": "–50%"
  },
  {
    "image_url": "https://cdn.barbora.lt/products/0a7afb03-fb1c-44a1-b054-fc47fb55c172_m.png",
    "title": "Malti juodieji pipirai KOTANYI, 30 g",
    "price": "1.18",
    "price_2": "39,33€/kg",
    "extra_info": "–30%"
  },
  {
    "image_url": "https://cdn.barbora.lt/products/8f5e49b9-e7b1-4a7f-ae7b-e619eacdab3e_m.png",
    "title": "Žuvų prieskoniai KOTANYI, 26 g",
    "price": "0.9",
    "price_2": "34,62€/kg",
    "extra_info": "–30%"
  },
  {
    "image_url": "https://cdn.barbora.lt/products/f4385629-a7c9-40c9-88c8-f5a2248d6934_m.png",
    "title": "Higieniniai paketai ALWAYS Ultra Super Plus, S2, 32 vnt.",
    "price": "5.59",
    "price_2": "0,17€/vnt.",
    "extra_info": "–30%"
  },
  {
    "image_url": "https://cdn.barbora.lt/products/487202c6-f017-4013-8ab9-ba052f2eef1b_m.png",
    "title": "Vyriškas rutulinis dezodorantas DOVE MAN INVISIBLE DRY, 50 ml",
    "price": "2.29",
    "price_2": "45,8€/l",
    "extra_info": "–50%"
  },
  {
    "image_url": "https://cdn.barbora.lt/products/b0cd2530-53aa-4087-97ca-1aa3c30bd358_m.png",
    "title": "Rankų kremas NEUTROGENA, 75 ml",
    "price": "3.59",
    "price_2": "47,87€/l",
    "extra_info": "–31%"
  },
  {
    "image_url": "https://cdn.barbora.lt/products/a2a52f00-00fd-4a35-8fd2-2be85e4a13e7_m.png",
    "title": "Sausasis plaukų šampūnas BATISTE DARK & BROWN, 200 ml",
    "price": "5.59",
    "price_2": null,
    "extra_info": "2 ar daugiau su –40%"
  },
  {
    "image_url": "https://cdn.barbora.lt/products/1b48dfe4-f26c-4f8d-bffb-a52a16e66e2f_m.png",
    "title": "Toskanos žalumynai KOTANYI, 25 g",
    "price": "1.04",
    "price_2": "41,6€/kg",
    "extra_info": "–30%"
  },
  {
    "image_url": "https://cdn.barbora.lt/products/a345568e-75dd-4aa8-beb5-6cf58c4d6d9f_m.png",
    "title": "Moteriškos pėdkelnės IMG Slim 100den 3 dydis nero",
    "price": "3.24",
    "price_2": "3,24€/vnt.",
    "extra_info": "–50%"
  },
  {
    "image_url": "https://cdn.barbora.lt/products/b6e35a72-a137-4e86-a130-51d419018f4e_m.png",
    "title": "Riebių plaukų šampūnas  NIDA su dilgėlių ekstraktu, 250 ml",
    "price": "2.19",
    "price_2": null,
    "extra_info": "2 ar daugiau su –40%"
  },
  {
    "image_url": "https://cdn.barbora.lt/products/2b3386fc-3c6c-4b29-b410-a0644efa5271_m.png",
    "title": "Žolelių ir vaisinės arbatos rinkinys ŽOLYNĖLIS, 91 g",
    "price": "7.99",
    "price_2": null,
    "extra_info": "2 ar daugiau su –25%"
  },
  {
    "image_url": "https://cdn.barbora.lt/products/6f75494a-9245-4a13-9fc0-1715843335d5_m.png",
    "title": "NIVEA dezodorantas antiperspirantas moterims Fresh Citrus, 150 ml",
    "price": "2.39",
    "price_2": "15,93€/l",
    "extra_info": "–50%"
  },
  {
    "image_url": "https://cdn.barbora.lt/products/6015ec90-0919-4089-8e0e-2073faf27b20_m.png",
    "title": "Prieskonių mišinys VEGETA NATUR GRILLED VEGETABLES, 20 g",
    "price": "0.69",
    "price_2": null,
    "extra_info": "2 ar daugiau su –40%"
  },
  {
    "image_url": "https://cdn.barbora.lt/products/ab753397-bf06-402e-b83f-f9bfd081d387_m.png",
    "title": "Vaikiškas dantų šepetėlis HUMBLE BRUSH MIX ULTRA SOFT, 1 vnt.",
    "price": "2.39",
    "price_2": null,
    "extra_info": "2 ar daugiau su –40%"
  },
  {
    "image_url": "https://cdn.barbora.lt/products/7f5fcfff-8821-41a6-872a-97246713dc80_m.png",
    "title": "Citrinų skonio žalioji arbata EXTRA LINE, 30 g",
    "price": "0.59",
    "price_2": null,
    "extra_info": "2 ar daugiau su –25%"
  },
  {
    "image_url": "https://cdn.barbora.lt/products/cacd1832-c692-4081-9993-c6c3d166fcb5_m.png",
    "title": "Žolelių arbata EXTRA LINE, 35 g",
    "price": "0.45",
    "price_2": null,
    "extra_info": "2 ar daugiau su –25%"
  },
  {
    "image_url": "https://cdn.barbora.lt/products/774a6b2e-c4ab-4cfc-bdfe-ad31bc00d6b0_m.png",
    "title": "Higieniniai įklotai ALWAYS Long, Fresh Scent, 64 vnt.",
    "price": "4.99",
    "price_2": "0,08€/vnt.",
    "extra_info": "–31%"
  },
  {
    "image_url": "https://cdn.barbora.lt/products/cce7a0a0-7735-4509-9b7c-927e5b1e5e5a_m.png",
    "title": "NIVEA MEN FRESH SENSATION  rutulinis antiperspirantas vyrams, 50 ml",
    "price": "2.39",
    "price_2": "47,8€/l",
    "extra_info": "–50%"
  },
  {
    "image_url": "https://cdn.barbora.lt/products/c1f127ca-15f2-4cb1-8c11-4d16ac0ec400_m.png",
    "title": "Dantų pasta BLEND A MED 3D WHITE Arctic Fresh, 75ml",
    "price": "2.79",
    "price_2": null,
    "extra_info": "2 ar daugiau su –40%"
  },
  {
    "image_url": "https://cdn.barbora.lt/products/a350133e-fc1d-4832-b6ab-30a0d7dc18d3_m.png",
    "title": "Plaukų šampūnas HEAD&SHOULDERS CLASSIC CLEAN;800",
    "price": "13.99",
    "price_2": null,
    "extra_info": "2 ar daugiau su –40%"
  },
  {
    "image_url": "https://cdn.barbora.lt/products/bea9c89a-9200-4991-9f62-25f305227d5c_m.png",
    "title": "Traškučiai TAFFEL aitriųjų papr. ir citrus. vaisių sk. 130 g",
    "price": "1.04",
    "price_2": "8€/kg",
    "extra_info": "–50%"
  },
  {
    "image_url": "https://cdn.barbora.lt/products/33aae5ab-a86a-4931-bef7-ac244928dec3_m.png",
    "title": "Jautienos konservai su svogūnais ANGUS, a. r., 250 g",
    "price": "5.49",
    "price_2": "21,96€/kg",
    "extra_info": "–21%"
  },
  {
    "image_url": "https://cdn.barbora.lt/products/0af61f93-4f98-4919-802f-b7bae12d2036_m.png",
    "title": "Žalioji arbata LOYD, citrinų skonio, 37.5 g",
    "price": "2.99",
    "price_2": null,
    "extra_info": "2 ar daugiau su –25%"
  },
  {
    "image_url": "https://cdn.barbora.lt/products/9b20af7e-145a-48f0-ab1b-fab509859984_m.png",
    "title": "Ekologiška žolelių arbata kūdikiams HOLLE, 30g, 20pak.",
    "price": "4.69",
    "price_2": null,
    "extra_info": "2 ar daugiau su –25%"
  },
  {
    "image_url": "https://cdn.barbora.lt/products/eb7e8de3-1eef-4bea-9d8e-18cb177cbcaf_m.png",
    "title": "Česnakinis padažas FELIX, 335 g",
    "price": "2.16",
    "price_2": "6,45€/kg",
    "extra_info": "–25%"
  },
  {
    "image_url": "https://cdn.barbora.lt/products/048e38c9-bb63-45fa-9e1e-4dc807143eae_m.png",
    "title": "Vafliukai PARISETTES, 200 g",
    "price": "2.99",
    "price_2": null,
    "extra_info": "2 ar daugiau su –25%"
  },
  {
    "image_url": "https://cdn.barbora.lt/products/ace051bc-11c2-4891-8b4e-8fbdfc210004_m.png",
    "title": "NIVEA Derma Control Defend rutulinis dezodorantas moterims 50 ml",
    "price": "2.39",
    "price_2": "47,8€/l",
    "extra_info": "–50%"
  },
  {
    "image_url": "https://cdn.barbora.lt/products/4e51f22e-5d40-4c5a-a767-f9cc6b27cd20_m.png",
    "title": "Avižiniai sausainiai su pieniniu šokoladu MIO & RIO, 210 g",
    "price": "1.59",
    "price_2": null,
    "extra_info": "2 ar daugiau su –25%"
  },
  {
    "image_url": "https://cdn.barbora.lt/products/bf928b19-e5e2-4407-8c4d-b3e9db4b528e_m.png",
    "title": "Moteriškas purškiamasis dezodorantas REXONA INVISIBLE PURE, 150 ml",
    "price": "2.09",
    "price_2": "13,93€/l",
    "extra_info": "–51%"
  },
  {
    "image_url": "https://cdn.barbora.lt/products/7c8d06d0-79b4-4620-bf42-e975dacf834b_m.png",
    "title": "Popierinės nosinaitės GRITE BLOSSOM MINT, 10 vnt.",
    "price": "0.09",
    "price_2": "0,01€/vnt.",
    "extra_info": "–53%"
  },
  {
    "image_url": "https://cdn.barbora.lt/products/d634cb81-6ca1-4bfe-9066-9bf08cc4dfd6_m.png",
    "title": "Dantų šepetėlis PARODONTAX EXTRA SOFT, 1 vnt.",
    "price": "4.19",
    "price_2": null,
    "extra_info": "2 ar daugiau su –40%"
  },
  {
    "image_url": "https://cdn.barbora.lt/products/57f943a3-5ad0-4664-b9d8-0273821a03f5_m.png",
    "title": "Juodoji arbata DILMAH, citrinų ir žaliųjų citrinų skonio, 30 g",
    "price": "2.39",
    "price_2": null,
    "extra_info": "2 ar daugiau su –25%"
  },
  {
    "image_url": "https://cdn.barbora.lt/products/46dc25ac-65fd-47ab-8a16-da56b18981fb_m.png",
    "title": "NIVEA Rich Nourishing maitinamasis kūno losjonas, 400 ml",
    "price": "5.19",
    "price_2": "12,98€/l",
    "extra_info": "–51%"
  },
  {
    "image_url": "https://cdn.barbora.lt/products/95a03c14-414e-4ae3-8323-7e719b709448_m.png",
    "title": "PRESTO žalioji arbata  (imbierų ir citrinų skonio), 80 g",
    "price": "1.99",
    "price_2": null,
    "extra_info": "2 ar daugiau su –25%"
  },
  {
    "image_url": "https://cdn.barbora.lt/products/93c376ff-5946-4bb3-aee5-e88286ed423f_m.png",
    "title": "Vaikiškas šampūnas-prausiklis TINDI (su alyvuogių aliejumi), 210 ml",
    "price": "1.89",
    "price_2": null,
    "extra_info": "2 ar daugiau su –40%"
  },
  {
    "image_url": "https://cdn.barbora.lt/products/d10e4d63-90cf-4eea-b7e4-0394c2159378_m.png",
    "title": "Burnos skalavimo skystis GENERA COLD MINT, 500 ml",
    "price": "1.73",
    "price_2": null,
    "extra_info": "2 ar daugiau su –40%"
  },
  {
    "image_url": "https://cdn.barbora.lt/products/b95e93b2-87fc-4c81-bdf5-a3635623bf64_m.png",
    "title": "NIVEA BLACK&WHITE SILKY SMOOTH purškiamasis antiperspirantas moterims, 250 ml",
    "price": "3.19",
    "price_2": "12,76€/l",
    "extra_info": "–50%"
  },
  {
    "image_url": "https://cdn.barbora.lt/products/dabffc2c-4ad3-463c-b80e-186f2e277083_m.png",
    "title": "Higieniniai įklotai CAREFREE PLUS LONG, 40 vnt.",
    "price": "3.59",
    "price_2": "0,09€/vnt.",
    "extra_info": "–31%"
  },
  {
    "image_url": "https://cdn.barbora.lt/products/d8eceb5b-466a-4d4a-9f8f-8b31ebfb5e95_m.png",
    "title": "Vyriškos kojinės SPARTA, 41-43 dydis, 2 vnt.",
    "price": "3.99",
    "price_2": "2€/vnt.",
    "extra_info": "–50%"
  },
  {
    "image_url": "https://cdn.barbora.lt/products/1c6b8fb9-50e7-4610-b555-611fcf4b00f8_m.png",
    "title": "NIVEA Fresh Rose Touch rutulinis dezodorantas antiperspirantas moterims, 50 ml",
    "price": "2.39",
    "price_2": "47,8€/l",
    "extra_info": "–50%"
  },
  {
    "image_url": "https://cdn.barbora.lt/products/94d2a3bb-f1b1-41e5-89d0-8b7c4233ddf1_m.png",
    "title": "Bulvių prieskoniai KOTANYI FARMERS STYLE, 20 g",
    "price": "0.83",
    "price_2": "41,5€/kg",
    "extra_info": "–30%"
  },
  {
    "image_url": "https://cdn.barbora.lt/products/d886999f-c5cc-4b76-bb95-6763da01e1f8_m.png",
    "title": "Tarpdančių šepetėliai JORDAN BRUSH BETWEEN, S / 0,5 mm, 10 vnt.",
    "price": "5.79",
    "price_2": null,
    "extra_info": "2 ar daugiau su –40%"
  },
  {
    "image_url": "https://cdn.barbora.lt/products/9731bd9a-a428-4367-988d-450ae82b55c3_m.png",
    "title": "Club 4 Paws Premium su ėriena padaže. Visavertis konservuotas pašaras suaugusiems mažų veislių šunims, 4 x 85 g",
    "price": "1.48",
    "price_2": "4,36€/kg",
    "extra_info": "–35%"
  },
  {
    "image_url": "https://cdn.barbora.lt/products/7a4d75fe-97d2-47b5-ad08-5b5cfba0068a_m.png",
    "title": "Žalioji arbata LOYD, citrinų, medaus ir imbierų skonio, 40 g",
    "price": "2.99",
    "price_2": null,
    "extra_info": "2 ar daugiau su –25%"
  },
  {
    "image_url": "https://cdn.barbora.lt/products/499d8f7d-52cb-4f2f-bbb5-6fe00cf282a3_m.png",
    "title": "Gazuotas gėrimas COCA-COLA Zero Laimo, 500 ml, depozitnė tar, 500 ml",
    "price": "1.29",
    "price_2": null,
    "extra_info": "2 už 1,89€"
  },
  {
    "image_url": "https://cdn.barbora.lt/products/ac612401-fc44-4f24-9ec0-bb20f4ddd454_m.png",
    "title": "Dantų pasta ORAL-B Pro Expert, Healthy White, 75ml",
    "price": "4.39",
    "price_2": null,
    "extra_info": "2 ar daugiau su –40%"
  },
  {
    "image_url": "https://cdn.barbora.lt/products/b0dc0ad5-a217-4559-83cf-dbe008dcfb51_m.png",
    "title": "Skalbiamasis gelis PERSIL EXPERT LAVENDER COLOR, 20 skalb., 900 ml",
    "price": "5.29",
    "price_2": "5,88€/l",
    "extra_info": "–40%"
  },
  {
    "image_url": "https://cdn.barbora.lt/products/70307ff5-bf61-421f-9248-d5455cd80277_m.png",
    "title": "Moteriškas pieštukinis antiperspirantas REXONA ADV.P.I.B&B, 50 ml",
    "price": "2.39",
    "price_2": "47,8€/l",
    "extra_info": "–50%"
  },
  {
    "image_url": "https://cdn.barbora.lt/products/eb464a04-d2ca-44ec-878f-ed94be3e6e83_m.png",
    "title": "ELSEVE  šampūnas 400ml (moterims)",
    "price": "7.39",
    "price_2": null,
    "extra_info": "2 ar daugiau su –40%"
  },
  {
    "image_url": "https://cdn.barbora.lt/products/37e51823-989f-4cab-822d-39b5a8fd9dba_m.png",
    "title": "ELSEVE  balzamas 400ml",
    "price": "7.39",
    "price_2": null,
    "extra_info": "2 ar daugiau su –40%"
  },
  {
    "image_url": "https://cdn.barbora.lt/products/a8a16e40-b5a2-4361-9ee8-a665f01f6d89_m.png",
    "title": "ELSEVE  balzamas 400 ml",
    "price": "7.39",
    "price_2": null,
    "extra_info": "2 ar daugiau su –40%"
  },
  {
    "image_url": "https://cdn.barbora.lt/products/8203ad7a-6793-4c38-a10f-1c5410c641cc_m.png",
    "title": "Padažas SANTA MARIA SALSA DIP MEDIUM, 250 g",
    "price": "3.59",
    "price_2": null,
    "extra_info": "2 ar daugiau su –50%"
  },
  {
    "image_url": "https://cdn.barbora.lt/products/e9005c53-47a0-4a93-afdc-894b2f55f4dc_m.png",
    "title": "Enčiladų prieskonių mišinys SANTA MARIA, 28 g",
    "price": "1.59",
    "price_2": null,
    "extra_info": "2 ar daugiau su –50%"
  },
  {
    "image_url": "https://cdn.barbora.lt/products/f9aa4336-bf85-4d82-bc0c-b0925aa8d94e_m.png",
    "title": "Vaflinis batonėlis LION BLACK WHITE, 42 g",
    "price": "0.89",
    "price_2": null,
    "extra_info": "2 ar daugiau su –25%"
  },
  {
    "image_url": "https://cdn.barbora.lt/products/7cbec607-ded6-4155-be16-8b57f4753a61_m.png",
    "title": "Dušo gelis DOVE GENTLE PAMPER, 720 ml",
    "price": "4.99",
    "price_2": "6,93€/l",
    "extra_info": "–50%"
  },
  {
    "image_url": "https://cdn.barbora.lt/products/828377cc-478a-4acc-bc6d-4d0c1c3e16e4_m.png",
    "title": "NIVEA MEN STRONG POWER šampūnas plaukams vyrams 500 ml",
    "price": "3.99",
    "price_2": "7,98€/l",
    "extra_info": "–50%"
  },
  {
    "image_url": "https://cdn.barbora.lt/products/302501eb-1243-4a94-bdfc-7013634ad167_m.png",
    "title": "Ryžių miltų tortilijos SANTA MARIA, 230 g",
    "price": "4.19",
    "price_2": null,
    "extra_info": "2 ar daugiau su –50%"
  },
  {
    "image_url": "https://cdn.barbora.lt/products/067e0d43-5be7-420f-b697-54dcfdd32436_m.png",
    "title": "Kisielius KLINGAI, miško uogų skonio, su saldikliu, 100 g",
    "price": "1.11",
    "price_2": "11,1€/kg",
    "extra_info": "–26%"
  },
  {
    "image_url": "https://cdn.barbora.lt/products/a7a64b70-8b69-481b-a904-d15e934571b7_m.png",
    "title": "NIVEA® Volume Care putos, 150 ml",
    "price": "3.59",
    "price_2": "23,93€/l",
    "extra_info": "–50%"
  },
  {
    "image_url": "https://cdn.barbora.lt/products/c6c311c5-610a-4bf8-9f18-f987a936db90_m.png",
    "title": "Vaikiškas šampūnas BUBCHEN, 200 ml",
    "price": "3.59",
    "price_2": null,
    "extra_info": "2 ar daugiau su –40%"
  },
  {
    "image_url": "https://cdn.barbora.lt/products/a8b555c6-1c3f-4c54-9e3b-86e6ccba299d_m.png",
    "title": "Vaikiškas šampūnas HIPP BABY SANFT, 200 ml",
    "price": "3.65",
    "price_2": null,
    "extra_info": "2 ar daugiau su –40%"
  },
  {
    "image_url": "https://cdn.barbora.lt/products/f16551de-1658-48e1-95f8-6d590159e808_m.png",
    "title": "Marinavimo prieskoniai SANTA MARIA BBQ RUB su priesk. žolel., 22 g",
    "price": "1.09",
    "price_2": null,
    "extra_info": "2 ar daugiau su –50%"
  },
  {
    "image_url": "https://cdn.barbora.lt/products/e7d0f194-f1f4-4645-87b7-2fde567b2192_m.png",
    "title": "Mėsos prieskoniai SANTA MARIA su čiobreliais, 25 g",
    "price": "0.99",
    "price_2": null,
    "extra_info": "2 ar daugiau su –50%"
  },
  {
    "image_url": "https://cdn.barbora.lt/products/fae7a3bb-0351-4c0a-a03b-3056cfee7ef0_m.png",
    "title": "Plaukų dažai SYOSS OLEO INTENSE 4-86, 1 vnt.",
    "price": "9.49",
    "price_2": null,
    "extra_info": "2 ar daugiau su –40%"
  },
  {
    "image_url": "https://cdn.barbora.lt/products/6d1b0fbd-e191-4709-9c7a-8a13c750e38f_m.png",
    "title": "Tartaletės BONNE MAMAN su aviečių įdaru, 135 g",
    "price": "3.35",
    "price_2": null,
    "extra_info": "2 ar daugiau su –25%"
  },
  {
    "image_url": "https://cdn.barbora.lt/products/5fa498dc-6688-48e3-adc6-eb3dd2b7291a_m.png",
    "title": "Juodoji Ceilono arbata DILMAH PREMIUM, 50 g",
    "price": "2.19",
    "price_2": null,
    "extra_info": "2 ar daugiau su –25%"
  },
  {
    "image_url": "https://cdn.barbora.lt/products/a345595d-7728-4f91-b954-5bcce24c71cd_m.png",
    "title": "Tartaletės BONNE MAMAN su citrinų įdaru, 125 g",
    "price": "3.35",
    "price_2": null,
    "extra_info": "2 ar daugiau su –25%"
  },
  {
    "image_url": "https://cdn.barbora.lt/products/32afa170-f8b8-4674-9538-e1fe314756df_m.png",
    "title": "Kakaviniai vafliai SCHAR WAFERS AL CACAO (be glitimo), 125 g",
    "price": "3.35",
    "price_2": null,
    "extra_info": "2 ar daugiau su –25%"
  },
  {
    "image_url": "https://cdn.barbora.lt/products/14b26618-6d76-4f91-9b48-54ca2cc2b393_m.png",
    "title": "Plaukų šampūnas GARNIER FRUCTIS, 400 ml",
    "price": "6.29",
    "price_2": null,
    "extra_info": "2 ar daugiau su –40%"
  },
  {
    "image_url": "https://cdn.barbora.lt/products/097317dd-e162-468a-ae75-82cf5349f4a1_m.png",
    "title": "Plaukų kondicionierius NIDA su dilgėlių ekstraktu, 150 ml",
    "price": "2.19",
    "price_2": null,
    "extra_info": "2 ar daugiau su –40%"
  },
  {
    "image_url": "https://cdn.barbora.lt/products/a9bc3199-bfca-42ee-a8b4-84ba003d1afe_m.png",
    "title": "Plaukų šampūnas GENERA su arganų aliejumi, 500 ml",
    "price": "1.83",
    "price_2": null,
    "extra_info": "2 ar daugiau su –40%"
  },
  {
    "image_url": "https://cdn.barbora.lt/products/7317ceb0-e101-433a-a5a1-29eec7484292_m.png",
    "title": "Dantų pasta COLGATE TOTAL ORIGINAL, 20 ml",
    "price": "2.39",
    "price_2": null,
    "extra_info": "2 ar daugiau su –40%"
  },
  {
    "image_url": "https://cdn.barbora.lt/products/800fecbd-5ae6-428a-be65-cba22a846230_m.png",
    "title": "NIVEA BLACK&WHITE ULTIMATE IPMACT rutulinis antiperspirantas moterims, 50 ml",
    "price": "2.39",
    "price_2": "47,8€/l",
    "extra_info": "–50%"
  },
  {
    "image_url": "https://cdn.barbora.lt/products/ad67d3de-91c5-44a4-809c-ee59c5fed8ff_m.png",
    "title": "Rankų kremas NIVEA INTENSIVE MOISTURE, 100 ml",
    "price": "2.99",
    "price_2": "29,9€/l",
    "extra_info": "–51%"
  },
  {
    "image_url": "https://cdn.barbora.lt/products/4b266afb-824f-48d2-bb9f-92522e54ec7c_m.png",
    "title": "Tirpusis arbatos gėrimas EKLAND, citrinų skonio, 300 g",
    "price": "1.59",
    "price_2": null,
    "extra_info": "2 ar daugiau su –25%"
  },
  {
    "image_url": "https://cdn.barbora.lt/products/4d3a2b0d-1c6a-476a-85c5-2a0c7cabf039_m.png",
    "title": "Vaisinė arbata ŽOLYNĖLIS su žemuogėmis, 100 g",
    "price": "4.49",
    "price_2": null,
    "extra_info": "2 ar daugiau su –25%"
  },
  {
    "image_url": "https://cdn.barbora.lt/products/40fcf481-2ffe-46ea-9adf-e7036540932d_m.png",
    "title": "Plaukų kondicionierius PANTENE Intensive Repair Active Nutri-Plex, 275 ml",
    "price": "6.89",
    "price_2": null,
    "extra_info": "2 ar daugiau su –40%"
  },
  {
    "image_url": "https://cdn.barbora.lt/products/9157e30c-794d-4143-94c1-c9af9a0ffa56_m.png",
    "title": "Gaivusis gėrimas FANTA LEMON ZERO, 500 ml",
    "price": "1.29",
    "price_2": null,
    "extra_info": "2 už 1,89€"
  },
  {
    "image_url": "https://cdn.barbora.lt/products/3e5df703-5fc1-44f3-99a1-5b754d6f0ca4_m.png",
    "title": "Ypač grynas alyvuogių aliejus BORGES EXTRA VIRGIN, 500 ml",
    "price": "6.49",
    "price_2": "12,98€/l",
    "extra_info": "–32%"
  },
  {
    "image_url": "https://cdn.barbora.lt/products/4e79c8ef-4f27-428f-b814-f8812859ae2d_m.png",
    "title": "NIVEA® Color Brilliance šampūnas, 250 ml",
    "price": "2.39",
    "price_2": "9,56€/l",
    "extra_info": "–50%"
  },
  {
    "image_url": "https://cdn.barbora.lt/products/308786dd-5682-4ff5-a6fe-cab412965442_m.png",
    "title": "Dantų pasta SENSODYNE PRONAMEL MINT, 75 ml",
    "price": "7.39",
    "price_2": null,
    "extra_info": "2 ar daugiau su –40%"
  },
  {
    "image_url": "https://cdn.barbora.lt/products/91f59d6d-276c-4814-b87c-ca2c63f28685_m.png",
    "title": "Vyriškas purškiamasis dezodorantas DOVE CLEAN COMFORT, 150 ml",
    "price": "2.29",
    "price_2": "15,27€/l",
    "extra_info": "–50%"
  },
  {
    "image_url": "https://cdn.barbora.lt/products/1fe7c236-e153-401d-a1bc-1ce2cc300fb0_m.png",
    "title": "Dantų pasta SENSODYNE REPAIR & PROTECT EXTRA FRESH, 75 ml",
    "price": "7.39",
    "price_2": null,
    "extra_info": "2 ar daugiau su –40%"
  },
  {
    "image_url": "https://cdn.barbora.lt/products/190dd8fa-17ad-4e09-988a-17e2fc7909f3_m.png",
    "title": "Plaukų lakas WELLAFLEX 2 DAYS VOLUME, 75 ml",
    "price": "3.29",
    "price_2": null,
    "extra_info": "2 ar daugiau su –40%"
  },
  {
    "image_url": "https://cdn.barbora.lt/products/8b518b71-66b4-4e32-a5c3-2059e12b0a86_m.png",
    "title": "GINTARINIAI visų grūdo dalių makaronai (vamzdeliai), 400 g",
    "price": "0.64",
    "price_2": "1,6€/kg",
    "extra_info": "–35%"
  },
  {
    "image_url": "https://cdn.barbora.lt/products/8241373d-e1df-4434-ba75-def41752f266_m.png",
    "title": "Žolelių mišinys POSTI 7 HERBS, 30 g",
    "price": "1.59",
    "price_2": null,
    "extra_info": "2 ar daugiau su –25%"
  },
  {
    "image_url": "https://cdn.barbora.lt/products/39f220fc-b7fe-448a-a3ec-1565beab6240_m.png",
    "title": "Gazuotas gėrimas FANTA, 500 ml",
    "price": "1.29",
    "price_2": null,
    "extra_info": "2 už 1,89€"
  },
  {
    "image_url": "https://cdn.barbora.lt/products/1c1bab72-a334-41fc-9bfc-bcee8ce3a289_m.png",
    "title": "Žvėrienos prieskoniai SANTA MARIA, 30 g",
    "price": "1.49",
    "price_2": null,
    "extra_info": "2 ar daugiau su –50%"
  },
  {
    "image_url": "https://cdn.barbora.lt/products/8210c718-54c8-45e4-8308-23ee017adb74_m.png",
    "title": "Sausų plaukų kondicionierius NIDA su kviečių baltymais, 150 ml",
    "price": "2.19",
    "price_2": null,
    "extra_info": "2 ar daugiau su –40%"
  },
  {
    "image_url": "https://cdn.barbora.lt/products/f98b888d-1bf1-4134-82fd-08c921177288_m.png",
    "title": "Žalioji arbata BASILUR MILK OOLONG, 100 g",
    "price": "5.99",
    "price_2": null,
    "extra_info": "2 ar daugiau su –25%"
  },
  {
    "image_url": "https://cdn.barbora.lt/products/95a0f48f-2fcb-40d3-affb-0765acb7b803_m.png",
    "title": "Sausainiai BOUNTY, 180 g",
    "price": "3.99",
    "price_2": null,
    "extra_info": "2 ar daugiau su –25%"
  },
  {
    "image_url": "https://cdn.barbora.lt/products/c2bad718-41c8-4707-bf08-f2302ef8d040_m.png",
    "title": "Dantų pasta LACALUT aktiv",
    "price": "3.19",
    "price_2": "42,53€/l",
    "extra_info": "–36%"
  },
  {
    "image_url": "https://cdn.barbora.lt/products/6647483f-aa0b-47dd-9a64-4469089c3964_m.png",
    "title": "NIVEA purškiamas dezodorantas antiperspirantas moterims Fresh Rose Touch, 150 ml",
    "price": "2.39",
    "price_2": "15,93€/l",
    "extra_info": "–50%"
  },
  {
    "image_url": "https://cdn.barbora.lt/products/8bc832ab-be59-403b-86ad-82541a6b602c_m.png",
    "title": "KILIG VITAMIN BOMB plaukus stiprinantis šampūnas su vitaminų kompleksu 400 ml",
    "price": "6.39",
    "price_2": null,
    "extra_info": "2 ar daugiau su –40%"
  },
  {
    "image_url": "https://cdn.barbora.lt/products/92f2fa30-a668-4f5a-a135-e703a5803039_m.png",
    "title": "KILIG VITAMIN BOMB purškiamas plaukų kondicionierius su vitaminų kompleksu 100 ml",
    "price": "6.39",
    "price_2": null,
    "extra_info": "2 ar daugiau su –40%"
  },
  {
    "image_url": "https://cdn.barbora.lt/products/4a0cc081-2251-4243-b074-2604f0cf799e_m.png",
    "title": "Skrud. žemės riešutai apvalkale TAFFEL, aitriųjų paprikų sk., 140 g",
    "price": "1.09",
    "price_2": "7,78€/kg",
    "extra_info": "–50%"
  },
  {
    "image_url": "https://cdn.barbora.lt/products/dbc83b3d-e35c-4084-916c-e0d58ec0cdf1_m.png",
    "title": "Servetėles stiklui, 40vnt, maišelis",
    "price": "2.49",
    "price_2": null,
    "extra_info": "2 ar daugiau su –40%"
  },
  {
    "image_url": "https://cdn.barbora.lt/products/936026ef-08ac-4cbe-bda8-205e176e3461_m.png",
    "title": "Dantų pasta ELMEX SENSITIVE PLUS COMPLETE CARE, 75 ml",
    "price": "8.19",
    "price_2": null,
    "extra_info": "2 ar daugiau su –40%"
  },
  {
    "image_url": "https://cdn.barbora.lt/products/4cdf59a1-c363-4f74-bf78-982c6b22e7f7_m.png",
    "title": "Uogų tyrė arbatai MASHIE su balt. serbentais ir imbierais, 180 g",
    "price": "4.69",
    "price_2": null,
    "extra_info": "2 ar daugiau su –25%"
  },
  {
    "image_url": "https://cdn.barbora.lt/products/9bd44ad0-5146-46df-9afa-110ed8ca1974_m.png",
    "title": "NIVEA Fresh Sensation purškiamasis antiperspirantas vyrams 250 ml",
    "price": "2.99",
    "price_2": "11,96€/l",
    "extra_info": "–50%"
  },
  {
    "image_url": "https://cdn.barbora.lt/products/b7e2f74a-7a5a-4c9f-8538-1f76a85eca4d_m.png",
    "title": "Skalbiamieji milteliai PERSIL EXPERT SENSITIVE, 36 skalb., 1.98 kg",
    "price": "9.59",
    "price_2": "4,85€/kg",
    "extra_info": "–40%"
  },
  {
    "image_url": "https://cdn.barbora.lt/products/882c817f-4903-4d53-a83e-bea829f673f3_m.png",
    "title": "Vaisinė arbata LOYD, persikų ir citrinų skonio, 40 g",
    "price": "2.99",
    "price_2": null,
    "extra_info": "2 ar daugiau su –25%"
  },
  {
    "image_url": "https://cdn.barbora.lt/products/2eda5429-425e-4b91-a6be-0c4ce1807801_m.png",
    "title": "NIVEA dušo želė CRÈME ALOE 750ml",
    "price": "4.49",
    "price_2": "5,99€/l",
    "extra_info": "–50%"
  },
  {
    "image_url": "https://cdn.barbora.lt/products/9ce8005c-d54c-40d8-b421-9be4a2f13456_m.png",
    "title": "Žal. citrinų ir Chalapos papr. sk. pad. SANTA MARIA, 250 ml",
    "price": "4.19",
    "price_2": null,
    "extra_info": "2 ar daugiau su –50%"
  },
  {
    "image_url": "https://cdn.barbora.lt/products/eb25d2d5-113e-4448-bd02-39d682380960_m.png",
    "title": "Žolelių arbata IMMUNO WELL DONE, 30 g",
    "price": "2.29",
    "price_2": null,
    "extra_info": "2 ar daugiau su –25%"
  },
  {
    "image_url": "https://cdn.barbora.lt/products/9209d931-fad4-4633-9900-a054afebc622_m.png",
    "title": "Vystyklas, 1 vnt.",
    "price": "2.89",
    "price_2": null,
    "extra_info": "2 ar daugiau su –40%"
  },
  {
    "image_url": "https://cdn.barbora.lt/products/01706779-739a-4d28-b334-91b799d326ee_m.png",
    "title": "Burnos skalavimo skystis SENSODYNE COOL MINT, 500 ml",
    "price": "7.79",
    "price_2": null,
    "extra_info": "2 ar daugiau su –40%"
  },
  {
    "image_url": "https://cdn.barbora.lt/products/b76e1f8b-bb63-44d4-85d6-f76ddf7dbd3b_m.png",
    "title": "PRESTO biri vaisinė žemuogių arbata, 90 g",
    "price": "2.29",
    "price_2": null,
    "extra_info": "2 ar daugiau su –25%"
  },
  {
    "image_url": "https://cdn.barbora.lt/products/1896ca8f-0a7f-45f4-8d9c-7ec73513bf5f_m.png",
    "title": "Dantų šepetukas ELMEX vaikams 6-12 metų, 1 vnt.",
    "price": "5.69",
    "price_2": null,
    "extra_info": "2 ar daugiau su –40%"
  },
  {
    "image_url": "https://cdn.barbora.lt/products/99e09ada-3bd0-4d0d-b4ae-67088f0a578f_m.png",
    "title": "NIVEA BLACK&WHITE FRESH purškiamasis antiperspirantas moterims, 150 ml",
    "price": "2.39",
    "price_2": "15,93€/l",
    "extra_info": "–50%"
  },
  {
    "image_url": "https://cdn.barbora.lt/products/c64e36ef-ba28-443b-84b9-44778078d375_m.png",
    "title": "Daržovių kotletai GOURMET GREEN, 160 g",
    "price": "1.79",
    "price_2": "11,19€/kg",
    "extra_info": "–22%"
  },
  {
    "image_url": "https://cdn.barbora.lt/products/393b8950-7b75-4c81-869d-41dbf9267fec_m.png",
    "title": "Burnos skalavimo skystis GENERA SWEET MINT, 500 ml",
    "price": "1.73",
    "price_2": null,
    "extra_info": "2 ar daugiau su –40%"
  },
  {
    "image_url": "https://cdn.barbora.lt/products/3d0ed2cc-7a53-4dc8-bf92-456e675f2f90_m.png",
    "title": "Mėsos prieskoniai SANTA MARIA, 51 g",
    "price": "1.49",
    "price_2": null,
    "extra_info": "2 ar daugiau su –50%"
  },
  {
    "image_url": "https://cdn.barbora.lt/products/aa10b06e-2f1a-4d3a-b013-16dc0e9ea074_m.png",
    "title": "Dantų šepetėlis JORDAN GREEN CLEAN MEDIUM, 1 vnt.",
    "price": "3.29",
    "price_2": null,
    "extra_info": "2 ar daugiau su –40%"
  },
  {
    "image_url": "https://cdn.barbora.lt/products/793cd4ee-8d8e-4da0-a572-96dd46e5ce56_m.png",
    "title": "Vaikiška dantų pasta JORDAN GREEN CLEAN, 50 ml",
    "price": "3.39",
    "price_2": null,
    "extra_info": "2 ar daugiau su –40%"
  },
  {
    "image_url": "https://cdn.barbora.lt/products/2a810f59-ae30-4e81-a578-3cfeb528c466_m.png",
    "title": "Ekologiškas obuolių actas su ciberžolėmis ir cinamonu DETOX, 500 ml",
    "price": "2.99",
    "price_2": "5,98€/l",
    "extra_info": "–21%"
  },
  {
    "image_url": "https://cdn.barbora.lt/products/614ad8a9-a9c8-4701-9f74-9987d3e1e959_m.png",
    "title": "Pjaustytas vytintas čiorisas ESPANA, I r., 80 g",
    "price": "1.99",
    "price_2": null,
    "extra_info": "2 ar daugiau su –20%"
  },
  {
    "image_url": "https://cdn.barbora.lt/products/2a5b9401-5a3b-4572-901a-878ca368a27c_m.png",
    "title": "Moteriškos pėdkelnės IMG MARLEN 40 nero 5 d., 1 vnt.",
    "price": "2.09",
    "price_2": "2,09€/vnt.",
    "extra_info": "–50%"
  },
  {
    "image_url": "https://cdn.barbora.lt/products/1efd9bf7-ccdc-4d76-b656-b36fad5a4365_m.png",
    "title": "Citrinpipiriai SANTA MARIA, 359 g",
    "price": "8.29",
    "price_2": null,
    "extra_info": "2 ar daugiau su –50%"
  },
  {
    "image_url": "https://cdn.barbora.lt/products/8421feb6-e485-4ebd-a844-5aabf6ef0384_m.png",
    "title": "Skalbiamieji milteliai PERSIL COLOR, 4 skalb., 220 g",
    "price": "1.29",
    "price_2": "5,86€/kg",
    "extra_info": "–41%"
  },
  {
    "image_url": "https://cdn.barbora.lt/products/a0bd3604-0cfb-45b5-b2b9-435a95410c97_m.png",
    "title": "Žalioji arbata WELL DONE, 40 g",
    "price": "2.29",
    "price_2": null,
    "extra_info": "2 ar daugiau su –25%"
  },
  {
    "image_url": "https://cdn.barbora.lt/products/1fd5c0bb-4374-444a-b012-16d38285c49e_m.png",
    "title": "Intensyvus plaukų kondicionierius PANTENE Intensive Repair, 3 minutes miracles, 220 ml",
    "price": "7.19",
    "price_2": null,
    "extra_info": "2 ar daugiau su –40%"
  },
  {
    "image_url": "https://cdn.barbora.lt/products/1aeae2f2-8a33-432c-ab44-a8e252c7456f_m.png",
    "title": "ELSEVE  plaukų kaukė, 300ml",
    "price": "9.19",
    "price_2": null,
    "extra_info": "2 ar daugiau su –40%"
  },
  {
    "image_url": "https://cdn.barbora.lt/products/ede64418-583f-4821-8c9c-a7e1eaa7be0c_m.png",
    "title": "Arbata su erškėtuogėmis, kmynais ir melisomis WELL DONE, 30 g",
    "price": "2.29",
    "price_2": null,
    "extra_info": "2 ar daugiau su –25%"
  },
  {
    "image_url": "https://cdn.barbora.lt/products/b9a28e65-48a2-4fdd-aa6e-5bb8edf6c6ee_m.png",
    "title": "Burnos skalavimo skystis COLGATE TOTAL, 250 ml",
    "price": "4.29",
    "price_2": null,
    "extra_info": "2 ar daugiau su –40%"
  },
  {
    "image_url": "https://cdn.barbora.lt/products/cad680c9-0452-4ca4-aff0-f22b62974324_m.png",
    "title": "Vaflinis batonėlis FAZER SUFFELI, 21 g",
    "price": "0.79",
    "price_2": null,
    "extra_info": "2 ar daugiau su –25%"
  },
  {
    "image_url": "https://cdn.barbora.lt/products/c335218f-b38b-4222-9b59-f5991e31f5cd_m.png",
    "title": "Aitriųjų paprikų padažas SANTA MARIA TEX MEX, 85 ml",
    "price": "2.09",
    "price_2": null,
    "extra_info": "2 ar daugiau su –50%"
  },
  {
    "image_url": "https://cdn.barbora.lt/products/799f0b91-653e-404b-8493-2ce79d45d08b_m.png",
    "title": "Aštrūs mėsos priekoniai SNTA MARIA, 20 g",
    "price": "0.99",
    "price_2": null,
    "extra_info": "2 ar daugiau su –50%"
  },
  {
    "image_url": "https://cdn.barbora.lt/products/73f82940-69ed-410d-92e6-6eadd240bfd6_m.png",
    "title": "Biri žalioji arbata GURMAN'S su ženšeniu ir citrinomis, 90 g",
    "price": "1.99",
    "price_2": null,
    "extra_info": "2 ar daugiau su –25%"
  },
  {
    "image_url": "https://cdn.barbora.lt/products/703434e9-6d4d-45ed-977b-2042b696f42f_m.png",
    "title": "Sausainiai su šokolado gabaliukais VIKTORIJA, 250 g",
    "price": "1.99",
    "price_2": null,
    "extra_info": "2 ar daugiau su –25%"
  },
  {
    "image_url": "https://cdn.barbora.lt/products/7b2670f4-0fcd-43ea-88e6-012806da8297_m.png",
    "title": "Maltos ciberžolės KOTANYI, 20 g",
    "price": "0.83",
    "price_2": "41,5€/kg",
    "extra_info": "–30%"
  },
  {
    "image_url": "https://cdn.barbora.lt/products/45f870e3-6a0b-4cad-ac04-924e34512116_m.png",
    "title": "Vaik. prausimosi putos HIPP BABY SANFT, 250 ml",
    "price": "7.25",
    "price_2": null,
    "extra_info": "2 ar daugiau su –40%"
  },
  {
    "image_url": "https://cdn.barbora.lt/products/8243f684-9694-4ceb-bb4b-4695292f6d66_m.png",
    "title": "Moteriškos pėdkelnės ORI  Attiva Body 40den 4 nero",
    "price": "1.99",
    "price_2": "1,99€/vnt.",
    "extra_info": "–50%"
  },
  {
    "image_url": "https://cdn.barbora.lt/products/322eb09b-b03f-48e3-8514-31d2283bd588_m.png",
    "title": "Išrūgų baltymai GYMON (šokolado skonio), 1 kg",
    "price": "23.19",
    "price_2": "23,19€/kg",
    "extra_info": "–20%"
  },
  {
    "image_url": "https://cdn.barbora.lt/products/e4dfbbbc-ecd5-414e-bbcf-e5745b8e35ab_m.png",
    "title": "Minkštas vaikiškas dantų šepetėlis ELMEX, 3-6 m., 1 vnt.",
    "price": "5.99",
    "price_2": null,
    "extra_info": "2 ar daugiau su –40%"
  },
  {
    "image_url": "https://cdn.barbora.lt/products/58e0f9cc-1de4-43f5-ae6b-3c69f97f8afb_m.png",
    "title": "Vaisinė arbata SODO GAIVA, 70 g",
    "price": "2.85",
    "price_2": null,
    "extra_info": "2 ar daugiau su –25%"
  },
  {
    "image_url": "https://cdn.barbora.lt/products/8c7c2b5c-7432-42df-8608-18364b02295d_m.png",
    "title": "Šaltai rūkytos plekšnės, 1 kg",
    "price": "7.19",
    "price_2": "7,19€/kg",
    "extra_info": "–20%"
  },
  {
    "image_url": "https://cdn.barbora.lt/products/83cd95d7-6745-456d-b908-6618485568be_m.png",
    "title": "Drėgnosios veido valymo servetėlės NEUTROGENA HYDRO BOOST, 25 vnt.",
    "price": "4.19",
    "price_2": "0,17€/vnt.",
    "extra_info": "–30%"
  },
  {
    "image_url": "https://cdn.barbora.lt/products/c7fae126-a00b-489e-bdbe-01074567ebde_m.png",
    "title": "Lūpų balzamas NEUTROGENA INTENSE REPAIR, 4,8 g",
    "price": "3.09",
    "price_2": "643,75€/kg",
    "extra_info": "–31%"
  },
  {
    "image_url": "https://cdn.barbora.lt/products/b1ee8fd6-a8d9-40fe-b13b-46798aa354f3_m.png",
    "title": "Žolelių arbata POSTI PREMIUM su ramunėlėmis, 30 g",
    "price": "1.59",
    "price_2": null,
    "extra_info": "2 ar daugiau su –25%"
  },
  {
    "image_url": "https://cdn.barbora.lt/products/cc8d15c7-3277-41c2-b5be-c0d7848be8d5_m.png",
    "title": "Burnos skalavimo skystis LISTERINE COOLMINT MILD, 1 l",
    "price": "9.99",
    "price_2": null,
    "extra_info": "2 ar daugiau su –40%"
  },
  {
    "image_url": "https://cdn.barbora.lt/products/551bb5b0-aeb2-4a85-abe9-e4c742cee741_m.png",
    "title": "Sausas šuniukų ėdalas LOVETT, 1 kg",
    "price": "1.74",
    "price_2": "1,74€/kg",
    "extra_info": "–30%"
  },
  {
    "image_url": "https://cdn.barbora.lt/products/837d02d0-c9bd-4d97-8245-ba830a6b6afa_m.png",
    "title": "Sausas šunų ėdalas LOVETT su paukštiena, 3 kg",
    "price": "3.49",
    "price_2": "1,16€/kg",
    "extra_info": "–30%"
  },
  {
    "image_url": "https://cdn.barbora.lt/products/93e64e56-cc4e-4387-9849-83bb8cc98a6f_m.png",
    "title": "Jūrų dumblių salotos WAKAME, 150 g",
    "price": "1.79",
    "price_2": "11,94€/kg",
    "extra_info": "–22%"
  },
  {
    "image_url": "https://cdn.barbora.lt/products/8fbf9f12-ce26-4a3f-a501-2b99535a7b4f_m.png",
    "title": "Vaikiškas plaukų šampūnas ir balzamas SCHAUMA KIDS, 400 ml",
    "price": "4.99",
    "price_2": null,
    "extra_info": "2 ar daugiau su –40%"
  },
  {
    "image_url": "https://cdn.barbora.lt/products/218103bb-f067-4de6-9be7-21159b9dc979_m.png",
    "title": "NIVEA Dušo želė vyrams  SENSITIVE, 500 ml",
    "price": "3.39",
    "price_2": "6,78€/l",
    "extra_info": "–51%"
  },
  {
    "image_url": "https://cdn.barbora.lt/products/3e23bcc8-f385-4d15-954e-435364e8e4c1_m.png",
    "title": "Plaukų kaukė GARNIER FRUCTIS HAIR, 400 ml",
    "price": "10.79",
    "price_2": null,
    "extra_info": "2 ar daugiau su –40%"
  },
  {
    "image_url": "https://cdn.barbora.lt/products/080f1ca5-6a4c-4416-948b-3f08190d1651_m.png",
    "title": "NIVEA® DERMA SKIN CLEAR Į BĖRIMUS LINKUSIOS ODOS  prausimosi gelis, 150 ml",
    "price": "3.99",
    "price_2": "26,6€/l",
    "extra_info": "–50%"
  },
  {
    "image_url": "https://cdn.barbora.lt/products/c78cff7f-b0b9-44d9-8708-0f68fa7308a3_m.png",
    "title": "Skrud. žemės riešutai apvalkale TAFFEL, grietinės, svog. sk., 140 g",
    "price": "1.09",
    "price_2": "7,78€/kg",
    "extra_info": "–50%"
  },
  {
    "image_url": "https://cdn.barbora.lt/products/a9ad18c2-9a83-449b-b571-6902edb94167_m.png",
    "title": "Dantų šepetėlis ELMEX CARIES INTERDENTAL SOFT, 1 vnt.",
    "price": "6.29",
    "price_2": null,
    "extra_info": "2 ar daugiau su –40%"
  },
  {
    "image_url": "https://cdn.barbora.lt/products/94ec6e38-0802-43a9-869e-528143f8bdcf_m.png",
    "title": "Burnos skalavimo skystis LISTERINE SMART RINSE, 500 ml, 500 ml",
    "price": "8.49",
    "price_2": null,
    "extra_info": "2 ar daugiau su –40%"
  },
  {
    "image_url": "https://cdn.barbora.lt/products/3a53acb5-0340-4ae4-b450-d4bcb8bb249b_m.png",
    "title": "NIVEA SKIN DETOX lakštinė veido kaukė, prisotinta detoksikuojančio serumo, sudirgusiai odai",
    "price": "1.69",
    "price_2": "1,69€/vnt.",
    "extra_info": "–52%"
  },
  {
    "image_url": "https://cdn.barbora.lt/products/68988123-67e7-4fb2-a814-6f95145dd5c1_m.png",
    "title": "NIVEA Restore rutulinis dezodorantas moterims 50 ml",
    "price": "2.39",
    "price_2": "47,8€/l",
    "extra_info": "–50%"
  },
  {
    "image_url": "https://cdn.barbora.lt/products/dd65ead7-9a3e-4931-bded-54eb71e1dc0b_m.png",
    "title": "Pomidorų padažas SANTA MARIA TEX MEX su ananasais, 230 g",
    "price": "3.19",
    "price_2": null,
    "extra_info": "2 ar daugiau su –50%"
  },
  {
    "image_url": "https://cdn.barbora.lt/products/6852f400-75c9-4dd2-a236-721e67898189_m.png",
    "title": "Kepsnių marinatas KOTANYI, 30 g",
    "price": "0.9",
    "price_2": "30€/kg",
    "extra_info": "–30%"
  },
  {
    "image_url": "https://cdn.barbora.lt/products/b066c9fb-ad5e-420d-8e0e-cd7040229b86_m.png",
    "title": "Burnos skalavimo skystis LISTERINE COOLMINT, 500 ml",
    "price": "7.99",
    "price_2": null,
    "extra_info": "2 ar daugiau su –40%"
  },
  {
    "image_url": "https://cdn.barbora.lt/products/903769f9-2f05-40a6-b6a8-9c5beb1de77d_m.png",
    "title": "NIVEA BLACK&WHITE POWER purškiamasis antiperspirantas vyrams, 150 ml",
    "price": "2.39",
    "price_2": "15,93€/l",
    "extra_info": "–50%"
  },
  {
    "image_url": "https://cdn.barbora.lt/products/7676f91b-7cec-41bc-914c-49fbde72199c_m.png",
    "title": "Vyriškas pieštukinis dezodorantas DOVE CLEAN COMFORT, 50 ml",
    "price": "2.29",
    "price_2": "45,8€/l",
    "extra_info": "–50%"
  },
  {
    "image_url": "https://cdn.barbora.lt/products/ef786b0a-6a32-4724-80d4-0152fb05e501_m.png",
    "title": "Vyriškas purškiamasis dezodorantas REXONA INVISIBLE BLACK&WHITE",
    "price": "2.09",
    "price_2": "13,93€/l",
    "extra_info": "–51%"
  },
  {
    "image_url": "https://cdn.barbora.lt/products/336520ce-13cc-4844-814b-9ea438049a67_m.png",
    "title": "Moteriškos pėdkelnės ORI Control Body40, NERO, 4 dydis",
    "price": "2.84",
    "price_2": "2,84€/vnt.",
    "extra_info": "–50%"
  },
  {
    "image_url": "https://cdn.barbora.lt/products/7ff6a2b0-80b5-4c29-b961-e61f3781d721_m.png",
    "title": "Šaltalankių ir imbierų arbata SKANOVĖ, 300 g",
    "price": "5.79",
    "price_2": null,
    "extra_info": "2 ar daugiau su –25%"
  },
  {
    "image_url": "https://cdn.barbora.lt/products/626e8730-a4ed-4922-9275-c479ed2c2648_m.png",
    "title": "Higieniniai įklotai ALWAYS Normal, Odour Lock, 80 vnt.",
    "price": "4.99",
    "price_2": "0,06€/vnt.",
    "extra_info": "–31%"
  },
  {
    "image_url": "https://cdn.barbora.lt/products/34391c7d-49d3-4dc5-be6f-40a2f7a05997_m.png",
    "title": "Dražė M&M'S su traškiu ryžių įdaru, 77 g",
    "price": "1.31",
    "price_2": "17,01€/kg",
    "extra_info": "–40%"
  },
  {
    "image_url": "https://cdn.barbora.lt/products/6278551a-0705-4234-a5cd-296e87326790_m.png",
    "title": "Dantų šepetėliai COLGATE SLIM SOFT BLACK, 3 vnt., 3 vnt.",
    "price": "8.59",
    "price_2": null,
    "extra_info": "2 ar daugiau su –40%"
  },
  {
    "image_url": "https://cdn.barbora.lt/products/5f66419e-f528-4a0d-b06b-6c942adfa35d_m.png",
    "title": "Aitriosios paprikos SANTA MARIA, 34 g",
    "price": "1.99",
    "price_2": null,
    "extra_info": "2 ar daugiau su –50%"
  },
  {
    "image_url": "https://cdn.barbora.lt/products/39f534d9-0170-46a4-bded-03875543f6c8_m.png",
    "title": "Moteriškos pėdkelnės ORI Power Slim 100den 5 dydis nero",
    "price": "3.74",
    "price_2": "3,74€/vnt.",
    "extra_info": "–50%"
  },
  {
    "image_url": "https://cdn.barbora.lt/products/f4067f43-efff-4f28-8a30-1fca58a7a476_m.png",
    "title": "Raibsteglių arbata GINTARINĖS UOGOS, 80 g",
    "price": "2.99",
    "price_2": null,
    "extra_info": "2 ar daugiau su –25%"
  },
  {
    "image_url": "https://cdn.barbora.lt/products/4a860056-a6c8-4e52-bb8a-854447907936_m.png",
    "title": "Dantų pasta SENSODYNE SENSITIVITY & GUM WHITENING, 75 ml",
    "price": "6.79",
    "price_2": null,
    "extra_info": "2 ar daugiau su –40%"
  },
  {
    "image_url": "https://cdn.barbora.lt/products/92e784e0-780d-463d-af28-c560785f3de1_m.png",
    "title": "Valgomieji grietininiai ledai HAAGEN DAZS su sūdyta karamele, 400 g",
    "price": "5.79",
    "price_2": "14,48€/kg",
    "extra_info": "–32%"
  },
  {
    "image_url": "https://cdn.barbora.lt/products/3e128498-84ca-4d70-bdd3-3bc14d371187_m.png",
    "title": "Gazuotas gaivusis gėrimas FANTA ZERO, apelsinų skonio, 500 ml",
    "price": "1.29",
    "price_2": null,
    "extra_info": "2 už 1,89€"
  },
  {
    "image_url": "https://cdn.barbora.lt/products/cbe22873-c435-4d12-b8ed-f3b5257ac586_m.png",
    "title": "Sausas šunų ėdalas LOVETT su jautiena, 10 kg",
    "price": "10.49",
    "price_2": "1,05€/kg",
    "extra_info": "–30%"
  },
  {
    "image_url": "https://cdn.barbora.lt/products/b87f0685-d127-4bc2-8c89-fce1d61a8aa7_m.png",
    "title": "Uogų tyrės arbata MASHIE su šaltalankiais, 180 g",
    "price": "4.69",
    "price_2": null,
    "extra_info": "2 ar daugiau su –25%"
  },
  {
    "image_url": "https://cdn.barbora.lt/products/2326beee-e819-4360-bf41-81b3927500a1_m.png",
    "title": "Citrinpipiriai SANTA MARIA be pridėtinės druskos, 42 g",
    "price": "2.29",
    "price_2": null,
    "extra_info": "2 ar daugiau su –50%"
  },
  {
    "image_url": "https://cdn.barbora.lt/products/4806269c-d005-4a03-b969-83b23d65777b_m.png",
    "title": "Vafliai MIO&RIO su žemės riešutų skonio kremo įdaru, 180 g, 180 g",
    "price": "0.99",
    "price_2": null,
    "extra_info": "2 ar daugiau su –25%"
  },
  {
    "image_url": "https://cdn.barbora.lt/products/660c665b-3407-4804-baad-00f01d94fecf_m.png",
    "title": "Dantų pasta COLGATE FIRST SMILES, 0-5 metai, 50 ml",
    "price": "2.85",
    "price_2": null,
    "extra_info": "2 ar daugiau su –40%"
  },
  {
    "image_url": "https://cdn.barbora.lt/products/48667a25-b1b4-444f-b494-51b2f3c9e600_m.png",
    "title": "Arbata LOYD, ramunėlių ir erškėtrožių skonio, 40 g",
    "price": "2.99",
    "price_2": null,
    "extra_info": "2 ar daugiau su –25%"
  },
  {
    "image_url": "https://cdn.barbora.lt/products/55417cfd-3541-43e6-9202-d3a7530aa978_m.png",
    "title": "Vytintas ispaniškas kumpis ESPANA IBERICO, nerūš., 80 g",
    "price": "5.99",
    "price_2": null,
    "extra_info": "2 ar daugiau su –20%"
  },
  {
    "image_url": "https://cdn.barbora.lt/products/46aac725-4111-43dc-bca5-5393c0552cf4_m.png",
    "title": "Moteriškas pieštukinis antiperspirantas REXONA ADV.P.I.B&W, 50 ml",
    "price": "2.39",
    "price_2": "47,8€/l",
    "extra_info": "–50%"
  },
  {
    "image_url": "https://cdn.barbora.lt/products/ed988eba-4a0a-4adc-89fd-4b3b1f0a067f_m.png",
    "title": "Vytinta pjaustyta jautiena BRESAOLA, nerūšinė, 80 g",
    "price": "3.99",
    "price_2": null,
    "extra_info": "2 ar daugiau su –20%"
  },
  {
    "image_url": "https://cdn.barbora.lt/products/67e16301-e546-4fec-934b-e9342b1995f7_m.png",
    "title": "Juodoji arbata TWININGS su raudonomis uogomis, 50 g",
    "price": "5.49",
    "price_2": null,
    "extra_info": "2 ar daugiau su –25%"
  },
  {
    "image_url": "https://cdn.barbora.lt/products/c848e2bc-8732-462f-8a9f-11a1099fd0cc_m.png",
    "title": "Saldaus aitriųjų paprikų skonio tuno paštetas, 85 g",
    "price": "1.49",
    "price_2": "17,53€/kg",
    "extra_info": "–21%"
  },
  {
    "image_url": "https://cdn.barbora.lt/products/d1be7d16-d43f-446a-8bc6-c03b77263620_m.png",
    "title": "ELSEVE  šampūnas 400ml",
    "price": "7.39",
    "price_2": null,
    "extra_info": "2 ar daugiau su –40%"
  },
  {
    "image_url": "https://cdn.barbora.lt/products/988db680-512e-4b25-b46f-08290dd61a30_m.png",
    "title": "Kondicionierius SYOSS Intense Curls, 250ml",
    "price": "7.29",
    "price_2": null,
    "extra_info": "2 ar daugiau su –40%"
  },
  {
    "image_url": "https://cdn.barbora.lt/products/26a5c8ce-efda-4c4e-9b80-f390c0edb936_m.png",
    "title": "Vaikiškas tarpdančių siūlas HUMBLE braškių, 30vnt",
    "price": "5.49",
    "price_2": null,
    "extra_info": "2 ar daugiau su –40%"
  },
  {
    "image_url": "https://cdn.barbora.lt/products/3f227061-a336-452d-9fd7-27b7a219d11d_m.png",
    "title": "Vaflinis batonėlis FAZER KISMET, sūdytos karamelės skonio, 41 g",
    "price": "1.29",
    "price_2": null,
    "extra_info": "2 ar daugiau su –25%"
  },
  {
    "image_url": "https://cdn.barbora.lt/products/11d81b0c-21a2-4b98-a5b1-90e6e8e08e92_m.png",
    "title": "Intensyvus plaukų kondicionierius AUSSIE Deep Hydration, 250 ml",
    "price": "9.89",
    "price_2": null,
    "extra_info": "2 ar daugiau su –40%"
  },
  {
    "image_url": "https://cdn.barbora.lt/products/633d0750-7038-469d-a8ca-a67e83f07cc0_m.png",
    "title": "L'Oreal Paris Elseve Glycolic Gloss Core plaukų purškiklis, 150 ml",
    "price": "8.69",
    "price_2": null,
    "extra_info": "2 ar daugiau su –40%"
  },
  {
    "image_url": "https://cdn.barbora.lt/products/b6bb403c-1436-43c6-8a02-34fd4994cd18_m.png",
    "title": "Paklodė su guma 90x200+30cm,t.mėlyna",
    "price": "7.99",
    "price_2": null,
    "extra_info": "2 ar daugiau su –40%"
  },
  {
    "image_url": "https://cdn.barbora.lt/products/381ecae5-efcd-41fd-9bea-24d1850cb38b_m.png",
    "title": "Biri juodoji arbata DILMAH COP, 50 g",
    "price": "1.39",
    "price_2": null,
    "extra_info": "2 ar daugiau su –25%"
  },
  {
    "image_url": "https://cdn.barbora.lt/products/50f3c454-00e2-429e-a744-51517d2f96dd_m.png",
    "title": "KOTANYI kiaulienos prieskoniai, 47 g",
    "price": "0.97",
    "price_2": "32,33€/kg",
    "extra_info": "–30%"
  },
  {
    "image_url": "https://cdn.barbora.lt/products/cd9120f1-e3f0-4e6d-afe4-2123e4e2f27e_m.png",
    "title": "Vaisinė arbata GURMAN'S (RAUDONASIS DRAKONAS), 90 g",
    "price": "2.09",
    "price_2": null,
    "extra_info": "2 ar daugiau su –25%"
  },
  {
    "image_url": "https://cdn.barbora.lt/products/0f3be210-a0a7-4cdb-8a09-49abd50387d6_m.png",
    "title": "Prieskonių mišinys KOTANYI (ITALIŠKOS SALOTOS), 13 g",
    "price": "0.76",
    "price_2": "58,46€/kg",
    "extra_info": "–30%"
  },
  {
    "image_url": "https://cdn.barbora.lt/products/4b2df3e0-cb35-4934-b602-6e41c8e70d25_m.png",
    "title": "Dantų pasta vaikams BRAŠKIŲ SKONIO BIOREPAIR, 50 ml., 0-6 m.",
    "price": "4.99",
    "price_2": null,
    "extra_info": "2 ar daugiau su –40%"
  },
  {
    "image_url": "https://cdn.barbora.lt/products/bd0e506a-ff68-4d11-a9ba-e5fee88dd76b_m.png",
    "title": "Dantų šepetėlis ECODENTA su itin minkštais šereliais, 1 vnt.",
    "price": "3.69",
    "price_2": null,
    "extra_info": "2 ar daugiau su –40%"
  },
  {
    "image_url": "https://cdn.barbora.lt/products/f45118d8-f6bc-439f-bcb8-c190aefe5534_m.png",
    "title": "Burnos skalavimo skystis ORAL-B Pro-Expert Deep Clean, 500 ml",
    "price": "6.79",
    "price_2": null,
    "extra_info": "2 ar daugiau su –40%"
  },
  {
    "image_url": "https://cdn.barbora.lt/products/892d7c7b-a3d9-4443-9d75-25262b752166_m.png",
    "title": "Dantų pasta WELEDA su druska, 75 ml",
    "price": "6.29",
    "price_2": null,
    "extra_info": "2 ar daugiau su –40%"
  },
  {
    "image_url": "https://cdn.barbora.lt/products/d4db6a60-ae98-4b5e-8a39-f4fed11d3654_m.png",
    "title": "Mėsos prieskoniai SANTA MARIA su česnakais, 230 g",
    "price": "5.29",
    "price_2": null,
    "extra_info": "2 ar daugiau su –50%"
  },
  {
    "image_url": "https://cdn.barbora.lt/products/85786532-d08e-4195-b74d-40d72d7e9986_m.png",
    "title": "Rausvieji pipirai SANTA MARIA, 21 g",
    "price": "2.89",
    "price_2": null,
    "extra_info": "2 ar daugiau su –50%"
  },
  {
    "image_url": "https://cdn.barbora.lt/products/edaf57ab-b40a-4092-a8be-62b9295b1ae6_m.png",
    "title": "Maltas cinamonas SANTA MARIA, 210 g",
    "price": "8.29",
    "price_2": null,
    "extra_info": "2 ar daugiau su –50%"
  },
  {
    "image_url": "https://cdn.barbora.lt/products/f3416493-6fed-440a-a0ac-3a0470dba2fe_m.png",
    "title": "Juodoji arbata BASILUR (ENGLISH BREAKFAST), 50 g",
    "price": "2.09",
    "price_2": null,
    "extra_info": "2 ar daugiau su –25%"
  },
  {
    "image_url": "https://cdn.barbora.lt/products/633a43f9-0988-4959-918c-24276fc6edca_m.png",
    "title": "Išrūgų baltymų gėrimo milteliai FORCEFIVE (vanilės skonio), 700 g",
    "price": "13.99",
    "price_2": "19,99€/kg",
    "extra_info": "–20%"
  },
  {
    "image_url": "https://cdn.barbora.lt/products/ce980556-673d-4845-b61d-3d11d840a3d2_m.png",
    "title": "Išrūgų baltymų gėrimo milteliai FORCEFIVE (braškių skonio), 700 g",
    "price": "13.99",
    "price_2": "19,99€/kg",
    "extra_info": "–20%"
  },
  {
    "image_url": "https://cdn.barbora.lt/products/d59d1116-13d9-44de-badc-5c79a13cc03a_m.png",
    "title": "Langų valiklis L'ARBRE VERT, 740 ml",
    "price": "3.09",
    "price_2": "4,18€/l",
    "extra_info": "–40%"
  },
  {
    "image_url": "https://cdn.barbora.lt/products/138c0311-9e1f-4b99-add3-4cc63cefd877_m.png",
    "title": "Silkių filė su marinuotais svogūnais EDEGA, 500 g",
    "price": "2.99",
    "price_2": "5,98€/kg",
    "extra_info": "–19%"
  },
  {
    "image_url": "https://cdn.barbora.lt/products/c55463a1-f08b-406c-801c-127b795d8b28_m.png",
    "title": "Dantų pasta JORDAN „GREEN CLEAN CARIES PROTECTION“, 75 ml",
    "price": "3.45",
    "price_2": null,
    "extra_info": "2 ar daugiau su –40%"
  },
  {
    "image_url": "https://cdn.barbora.lt/products/f062122c-594e-46d6-bed2-cefda53c9874_m.png",
    "title": "Vaisinė arbata LOYD su imbierais ir citrusiniais vaisiais, 40 g",
    "price": "2.29",
    "price_2": null,
    "extra_info": "2 ar daugiau su –25%"
  },
  {
    "image_url": "https://cdn.barbora.lt/products/6622ef03-ab5c-416c-814d-c6b659cbcc1f_m.png",
    "title": "NIVEA BLACK&WHITE FRESH purškiamasis antiperspirantas vyrams , 250 ml",
    "price": "3.19",
    "price_2": "12,76€/l",
    "extra_info": "–50%"
  },
  {
    "image_url": "https://cdn.barbora.lt/products/89a336f4-ae6d-445e-ad89-9502fb12c1e9_m.png",
    "title": "ECODENTA apelsinų skonio juoda balinamoji dantų pasta 100 ml",
    "price": "4.99",
    "price_2": null,
    "extra_info": "2 ar daugiau su –40%"
  },
  {
    "image_url": "https://cdn.barbora.lt/products/0e978988-2c51-444f-8176-55703ecfe123_m.png",
    "title": "Lengvai įsigeriantis rankų kremas NEUTROGENA, 150 ml",
    "price": "6.55",
    "price_2": "43,67€/l",
    "extra_info": "–30%"
  },
  {
    "image_url": "https://cdn.barbora.lt/products/e15131a3-af10-437d-9beb-9121834c7ebf_m.png",
    "title": "Vaisių skonio juodoji arbata EXTRA LINE, 30 g",
    "price": "0.59",
    "price_2": null,
    "extra_info": "2 ar daugiau su –25%"
  },
  {
    "image_url": "https://cdn.barbora.lt/products/622e639f-b05f-4be2-9046-3508175c6d2e_m.png",
    "title": "Ledinukai HALLS ENERGY, kolos skonio, 32 g",
    "price": "0.89",
    "price_2": null,
    "extra_info": "2 už 1,19€"
  },
  {
    "image_url": "https://cdn.barbora.lt/products/51dbfc0e-5e09-49fc-963d-b0a0f213ed09_m.png",
    "title": "Ekologiški rozmarinai SANTA MARIA, 19 g",
    "price": "3.29",
    "price_2": null,
    "extra_info": "2 ar daugiau su –50%"
  },
  {
    "image_url": "https://cdn.barbora.lt/products/6a5255bf-4aa5-4a3a-8255-beb7e48f7576_m.png",
    "title": "Pjaustyta vytinta iberiška mentė ESPANA, a. r., 80 g",
    "price": "4.89",
    "price_2": null,
    "extra_info": "2 ar daugiau su –20%"
  },
  {
    "image_url": "https://cdn.barbora.lt/products/92d742bb-d81e-4442-b95d-345a087c552c_m.png",
    "title": "Moteriškos pėdkelnės IMG MICRO CHANCE 150 NERO 5 dydis",
    "price": "3.39",
    "price_2": "3,39€/vnt.",
    "extra_info": "–50%"
  },
  {
    "image_url": "https://cdn.barbora.lt/products/2c363628-ea79-43c3-a3b5-78979dbc7c72_m.png",
    "title": "Dušo želė DOVE ADVANCED GENTLE SCRUB, 400 ml",
    "price": "3.79",
    "price_2": "9,48€/l",
    "extra_info": "–51%"
  },
  {
    "image_url": "https://cdn.barbora.lt/products/81900b26-e519-404c-a72e-aaa111ca3f93_m.png",
    "title": "Dušo želė DOVE GENTLE PAMPER, 450 ml",
    "price": "3.79",
    "price_2": "8,42€/l",
    "extra_info": "–50%"
  },
  {
    "image_url": "https://cdn.barbora.lt/products/d198a7a5-8296-481a-8fc7-b2abd42e2fb9_m.png",
    "title": "HISKIN Crazy Hair Žele didelio poringumo plaukų laminavimui su aviečių aromatu, 300 ml",
    "price": "7.99",
    "price_2": null,
    "extra_info": "2 ar daugiau su –40%"
  },
  {
    "image_url": "https://cdn.barbora.lt/products/3c50de8a-0c89-4fbc-8144-df9118849b58_m.png",
    "title": "Micelinis vanduo NIVEA, 100 ml",
    "price": "2.19",
    "price_2": "21,9€/l",
    "extra_info": "–51%"
  },
  {
    "image_url": "https://cdn.barbora.lt/products/b5705036-71e5-4e4d-a5fd-f6bb87faaebf_m.png",
    "title": "Mot. pieštukinis dezodorantas REXONA INVISIBLE BLACK & WHITE, 50 ml",
    "price": "2.09",
    "price_2": "41,8€/l",
    "extra_info": "–51%"
  },
  {
    "image_url": "https://cdn.barbora.lt/products/38b345f2-a577-433d-b3c3-59e8706a672d_m.png",
    "title": "Moteriškas pieštukinis dezodorantas DOVE ORIGINALS, 50 ml",
    "price": "1.99",
    "price_2": "39,8€/l",
    "extra_info": "–50%"
  },
  {
    "image_url": "https://cdn.barbora.lt/products/d6753ebd-bf95-48a7-971a-fc4dc3b230cd_m.png",
    "title": "Baltyminis kavos mišinys MAXI NUTRITION CLASSIC, 30 g",
    "price": "1.79",
    "price_2": "59,67€/kg",
    "extra_info": "–40%"
  },
  {
    "image_url": "https://cdn.barbora.lt/products/6597b801-954b-4305-9d6b-b08ca5bf2a8b_m.png",
    "title": "Baltymų kavos mišinys MAXI NUTRITION CLASSIC, 300 g",
    "price": "11.39",
    "price_2": "37,97€/kg",
    "extra_info": "–40%"
  },
  {
    "image_url": "https://cdn.barbora.lt/products/d1065e51-dcbd-46d5-add1-fda463f0c274_m.png",
    "title": "Sūdyti iberiški lašiniai GUDIENOS MĖSA su žolelėmis, a. r., 1 kg",
    "price": "11.99",
    "price_2": "11,99€/kg",
    "extra_info": "–14%"
  },
  {
    "image_url": "https://cdn.barbora.lt/products/c1bbfb48-bbe0-4a1e-86e5-85c202714839_m.png",
    "title": "Club 4 Paws Premium su lašiša, triušiena ir ėriena, konservuotas pašaras mažų veislių suaugusiems šunims, 4 x 85 g",
    "price": "1.48",
    "price_2": "4,36€/kg",
    "extra_info": "–35%"
  },
  {
    "image_url": "https://cdn.barbora.lt/products/85e87c97-bff7-4982-957b-779b5a55bc60_m.png",
    "title": "Satininė paklodė su guma 90x200+30cm,š.ruda",
    "price": "10.99",
    "price_2": null,
    "extra_info": "2 ar daugiau su –40%"
  },
  {
    "image_url": "https://cdn.barbora.lt/products/c5ae5977-dfad-410c-b272-579ba36edcaf_m.png",
    "title": "Paklodė, 180 x 220 cm",
    "price": "8.99",
    "price_2": null,
    "extra_info": "2 ar daugiau su –40%"
  },
  {
    "image_url": "https://cdn.barbora.lt/products/2dc2499f-0e18-43ca-9b61-86e90ac5775d_m.png",
    "title": "Žuvies kepsnių prieskoniai SANTA MARIA, 30 g",
    "price": "0.99",
    "price_2": null,
    "extra_info": "2 ar daugiau su –50%"
  },
  {
    "image_url": "https://cdn.barbora.lt/products/40b27d63-184b-4d95-b786-1b0bbed7ec09_m.png",
    "title": "NIVEA Valomosios servetelės sausai ir jautriai odai AQUA EFFECT",
    "price": "3.39",
    "price_2": "0,13€/vnt.",
    "extra_info": "–50%"
  },
  {
    "image_url": "https://cdn.barbora.lt/products/b3bdb993-9aaf-433f-a953-7eb8144c39f3_m.png",
    "title": "Atstatomasis plaukų šampūnas ELFA, 200 ml",
    "price": "2.89",
    "price_2": null,
    "extra_info": "2 ar daugiau su –40%"
  },
  {
    "image_url": "https://cdn.barbora.lt/products/62b91902-94f4-457d-b2e1-1eb0b79f899a_m.png",
    "title": "Plaukų šampūnas GLISS Ultimate Repair, 250 ml",
    "price": "4.79",
    "price_2": null,
    "extra_info": "2 ar daugiau su –40%"
  },
  {
    "image_url": "https://cdn.barbora.lt/products/82d62014-e4b4-4c73-9c86-31f57e80e98a_m.png",
    "title": "Sausainiai su apelsinų ir šokoladų įdaru SCHAR, 150 g",
    "price": "3.79",
    "price_2": null,
    "extra_info": "2 ar daugiau su –25%"
  },
  {
    "image_url": "https://cdn.barbora.lt/products/915a143f-f061-49ce-954d-b57c9d262c38_m.png",
    "title": "Higieniniai paketai ALWAYS Ultra Super Extra, S3, 28vnt.",
    "price": "5.59",
    "price_2": "0,2€/vnt.",
    "extra_info": "–30%"
  },
  {
    "image_url": "https://cdn.barbora.lt/products/5c063cc3-d4fc-45de-be7a-d5a25a2623a6_m.png",
    "title": "Plaukų purškiklis SYOSS Quick Volume, 150 ml",
    "price": "7.29",
    "price_2": null,
    "extra_info": "2 ar daugiau su –40%"
  },
  {
    "image_url": "https://cdn.barbora.lt/products/156825b6-1028-4983-9f72-b51a63cf24e8_m.png",
    "title": "Vaisinė arbata LOYD, spanguolių ir imbierų skonio, 40 g",
    "price": "2.99",
    "price_2": null,
    "extra_info": "2 ar daugiau su –25%"
  },
  {
    "image_url": "https://cdn.barbora.lt/products/53e0b7b9-929b-4b16-91ff-3b15d2ff993b_m.png",
    "title": "Plaukų šampūnas GENERA su dilgėlių ir eukaliptų ekstraktais, 500 ml",
    "price": "1.83",
    "price_2": null,
    "extra_info": "2 ar daugiau su –40%"
  },
  {
    "image_url": "https://cdn.barbora.lt/products/c028f133-b3b9-4e3a-a7bd-694db0b6f191_m.png",
    "title": "Vaisinė arbata PRESTO (UOGŲ DESERTAS), 90 g",
    "price": "2.29",
    "price_2": null,
    "extra_info": "2 ar daugiau su –25%"
  },
  {
    "image_url": "https://cdn.barbora.lt/products/3265ab59-5f74-4636-87de-ec9faf45b1a3_m.png",
    "title": "Vaisių ir žolelių arbata RAMŪS OBUOLIUKAI, 55 g",
    "price": "2.59",
    "price_2": null,
    "extra_info": "2 ar daugiau su –25%"
  },
  {
    "image_url": "https://cdn.barbora.lt/products/1990be67-1628-4a12-9df4-de5c4ed67725_m.png",
    "title": "Vaisinė arbata PRESTO (ŠALTALANKIS), 90 g",
    "price": "2.29",
    "price_2": null,
    "extra_info": "2 ar daugiau su –25%"
  },
  {
    "image_url": "https://cdn.barbora.lt/products/94897f94-57b3-4e6d-872a-8fe9350b0aca_m.png",
    "title": "Vaik.dantų šep. JORDAN GREEN CLEAN(5-10m.), ypač minkštas, 1 vnt.",
    "price": "3.39",
    "price_2": null,
    "extra_info": "2 ar daugiau su –40%"
  },
  {
    "image_url": "https://cdn.barbora.lt/products/89549c80-32e7-4a4c-bd9c-37f16a067928_m.png",
    "title": "Skutimosi gelis NIVEA MEN SENSITIVE 3 dienų barzdai, 200 ml",
    "price": "3.29",
    "price_2": "16,45€/l",
    "extra_info": "–51%"
  },
  {
    "image_url": "https://cdn.barbora.lt/products/9c74e767-a78b-4297-8546-40dfbfaba189_m.png",
    "title": "Meduoliniai grybukai, 200 g",
    "price": "6.09",
    "price_2": null,
    "extra_info": "2 ar daugiau su –25%"
  },
  {
    "image_url": "https://cdn.barbora.lt/products/704ead63-c956-44a2-9bd4-3051ba145d26_m.png",
    "title": "Konservuotas kačių ėdalas LOVETT su įvair. rūšių žuvimi, 400 g",
    "price": "1.25",
    "price_2": "3,13€/kg",
    "extra_info": "–30%"
  },
  {
    "image_url": "https://cdn.barbora.lt/products/d4701ab2-6655-417e-b247-70503c5d890d_m.png",
    "title": "Kukurūzų traškučiai SANTA MARIA, grietinės ir česnakų skonio, 185 g",
    "price": "2.59",
    "price_2": null,
    "extra_info": "2 ar daugiau su –50%"
  },
  {
    "image_url": "https://cdn.barbora.lt/products/1a08a6af-442d-413a-ae12-7c110c4cb12a_m.png",
    "title": "Žolelių arbata PRESTO. MANGŲ ŠERBETAS, 80 g",
    "price": "2.19",
    "price_2": null,
    "extra_info": "2 ar daugiau su –25%"
  },
  {
    "image_url": "https://cdn.barbora.lt/products/baedbd02-084e-467a-ae4b-ee4428f62839_m.png",
    "title": "Vaisinė arbata ŽOLYNĖLIS su obuoliais ir cinamonu, 100 g",
    "price": "4.49",
    "price_2": null,
    "extra_info": "2 ar daugiau su –25%"
  },
  {
    "image_url": "https://cdn.barbora.lt/products/a96c95d2-1ff3-425e-9cac-893cda9203e0_m.png",
    "title": "NIVEA MEN Black & White Invisible pieštukinis antiperspirantas Fresh vyrams, 50 ml",
    "price": "2.69",
    "price_2": "53,8€/l",
    "extra_info": "–50%"
  },
  {
    "image_url": "https://cdn.barbora.lt/products/46b4866b-4c27-4ea1-a2ac-a2a301d08cab_m.png",
    "title": "Moteriškas rutulinis dezodorantas REXONA BIORHYTHM, 50 ml",
    "price": "2.09",
    "price_2": "41,8€/l",
    "extra_info": "–51%"
  },
  {
    "image_url": "https://cdn.barbora.lt/products/d5c80593-dd7a-40b2-a066-af1ae6c61be4_m.png",
    "title": "Vytintas jautienos pipirinis DORA, a. r., 100 g",
    "price": "6.69",
    "price_2": null,
    "extra_info": "2 ar daugiau su –20%"
  },
  {
    "image_url": "https://cdn.barbora.lt/products/e08ef0cc-c9b6-488c-a637-7ec82cbb8e46_m.png",
    "title": "Dantų gelis DENTINALE NATURAL, 0-4 m., 20 ml",
    "price": "11.39",
    "price_2": null,
    "extra_info": "2 ar daugiau su –40%"
  },
  {
    "image_url": "https://cdn.barbora.lt/products/f11b2724-14be-4602-9588-6ce7d82d4f65_m.png",
    "title": "Higieniniai įklotai ALWAYS Normal, 0% Perfume, 80 vnt.",
    "price": "4.99",
    "price_2": "0,06€/vnt.",
    "extra_info": "–31%"
  },
  {
    "image_url": "https://cdn.barbora.lt/products/aaa98188-65fa-453d-8b50-3e18f25ebbdb_m.png",
    "title": "Skalbiam. kapsulės PERSIL POWER CAPS UNIVERSAL, 29 skalb., 29 vnt.",
    "price": "9.59",
    "price_2": "0,33€/vnt.",
    "extra_info": "–40%"
  },
  {
    "image_url": "https://cdn.barbora.lt/products/abe1f5a2-fb01-4c2a-a077-e1ca40982ae7_m.png",
    "title": "Dantų pasta ORAL-B Pro Kids, nuo 6 mėn. iki 6 metų, 50 ml",
    "price": "3.99",
    "price_2": null,
    "extra_info": "2 ar daugiau su –40%"
  },
  {
    "image_url": "https://cdn.barbora.lt/products/40968392-1379-49ee-a913-7517bc1209f2_m.png",
    "title": "Pėdų kremas NEUTROGENA INTENCE REPAIR, 50 ml",
    "price": "4.19",
    "price_2": "83,8€/l",
    "extra_info": "–30%"
  },
  {
    "image_url": "https://cdn.barbora.lt/products/b33c1025-bc50-44c3-9de9-d0fedf4787ab_m.png",
    "title": "Moteriškos kojinės iki kelių ORI STEP 80 den., one size, 1 pora",
    "price": "1.74",
    "price_2": "0,87€/vnt.",
    "extra_info": "–50%"
  },
  {
    "image_url": "https://cdn.barbora.lt/products/16844de7-7936-4834-aed0-7d2c6e3156cd_m.png",
    "title": "SENSODYNE PRONAMEL KIDS vaik.dantų pasta 2-6m, 50 ml",
    "price": "4.29",
    "price_2": null,
    "extra_info": "2 ar daugiau su –40%"
  },
  {
    "image_url": "https://cdn.barbora.lt/products/c9a13c23-76d5-4b70-8907-755d018581f1_m.png",
    "title": "HISKIN Crazy Hair Aliejų mišinys mažo ir vidutinio poringumo plaukams su apelsinų kvapu, 100 ml",
    "price": "6.59",
    "price_2": null,
    "extra_info": "2 ar daugiau su –40%"
  },
  {
    "image_url": "https://cdn.barbora.lt/products/02eca602-86f5-42fc-8466-3f6714164e3e_m.png",
    "title": "Šaltai rūkyta SKILANDINĖ kiaulienos dešra PORMET, a. r., 100 g",
    "price": "1.49",
    "price_2": null,
    "extra_info": "2 ar daugiau su –20%"
  },
  {
    "image_url": "https://cdn.barbora.lt/products/c390244a-f87c-4158-bd69-e282880effc8_m.png",
    "title": "Kramtukas, mokomasis dantų šepetėlis kūdikiams JORDAN, 0-12 mėn, 1 vnt",
    "price": "5.99",
    "price_2": null,
    "extra_info": "2 ar daugiau su –40%"
  },
  {
    "image_url": "https://cdn.barbora.lt/products/44a45bc0-810f-40f6-8baf-44e440a8e8b7_m.png",
    "title": "Prieskoniai CURRY KOTANYI, 30 g",
    "price": "0.97",
    "price_2": "32,33€/kg",
    "extra_info": "–30%"
  },
  {
    "image_url": "https://cdn.barbora.lt/products/61736afe-0e51-4dcc-8a25-aea843ddae85_m.png",
    "title": "Plaukų kondicionierius AUSSIE Deep Hydration, 200 ml",
    "price": "9.99",
    "price_2": null,
    "extra_info": "2 ar daugiau su –40%"
  },
  {
    "image_url": "https://cdn.barbora.lt/products/2db49ad6-512f-4649-bb15-5a6dfe9a42da_m.png",
    "title": "Kilpinis rankšluostis 50x90cm, smėlio",
    "price": "5.99",
    "price_2": null,
    "extra_info": "2 ar daugiau su –40%"
  },
  {
    "image_url": "https://cdn.barbora.lt/products/d2f164c6-20ab-4369-b1b6-e3a480b9bf1b_m.png",
    "title": "Milteliai kavai ir arbatai balinti MOKATE CARMEN, 200 g",
    "price": "3.99",
    "price_2": null,
    "extra_info": "2 ar daugiau su –25%"
  },
  {
    "image_url": "https://cdn.barbora.lt/products/c825f05d-0dea-4cc1-a8da-e5e6bad6d584_m.png",
    "title": "Plaukų šampūnas SCHAUMA 7 HERBS, 400 ml",
    "price": "4.59",
    "price_2": null,
    "extra_info": "2 ar daugiau su –40%"
  },
  {
    "image_url": "https://cdn.barbora.lt/products/2a6f2283-e926-41a7-aabc-82c29f99fcb0_m.png",
    "title": "Žaliųjų citrinų ir pipirų prieskoniai malūnėlyje SANTA MARIA, 90 g",
    "price": "6.49",
    "price_2": null,
    "extra_info": "2 ar daugiau su –50%"
  },
  {
    "image_url": "https://cdn.barbora.lt/products/4ffd25bd-5cb0-40a1-b7db-fa347fffedf0_m.png",
    "title": "Moteriškas purškiamasis dezodorantas DOVE INVISIBLE DRY, 150 ml",
    "price": "2.29",
    "price_2": "15,27€/l",
    "extra_info": "–50%"
  },
  {
    "image_url": "https://cdn.barbora.lt/products/e3ad77a2-7e94-4f3f-ad01-135f70d1239b_m.png",
    "title": "NIVEA valomasis pienelis su migdolų aliejumi sausai ir jautriai odai, 200 ml",
    "price": "3.59",
    "price_2": "17,95€/l",
    "extra_info": "–51%"
  },
  {
    "image_url": "https://cdn.barbora.lt/products/8c5284ce-f8c1-4c29-b5a1-51baf9a8dd4e_m.png",
    "title": "Dantų šepetėlis LACALUT AKTIV, 1 vnt.",
    "price": "2.19",
    "price_2": "2,19€/vnt.",
    "extra_info": "–35%"
  },
  {
    "image_url": "https://cdn.barbora.lt/products/b3131416-b518-49ec-9aee-2b2d7b2ae11e_m.png",
    "title": "Plaukų putos SYOSS Volume Lift, 250 ml",
    "price": "8.19",
    "price_2": null,
    "extra_info": "2 ar daugiau su –40%"
  },
  {
    "image_url": "https://cdn.barbora.lt/products/6e4ec453-fe78-4c93-b402-0c90329683f7_m.png",
    "title": "Biri žalioji arbata GURMAN'S su imbierais ir citrinomis, 90 g",
    "price": "1.99",
    "price_2": null,
    "extra_info": "2 ar daugiau su –25%"
  },
  {
    "image_url": "https://cdn.barbora.lt/products/63baa395-4af5-4917-a0cf-9d9f21963f13_m.png",
    "title": "Ledinukai HALLS, braškių skonio, 45 g",
    "price": "0.89",
    "price_2": null,
    "extra_info": "2 už 1,19€"
  },
  {
    "image_url": "https://cdn.barbora.lt/products/e6699f31-21ce-456d-84e6-2d1cf4cd346b_m.png",
    "title": "Rožių puokštė, 9 vnt.",
    "price": "3.99",
    "price_2": "0,45€/vnt.",
    "extra_info": "–33%"
  },
  {
    "image_url": "https://cdn.barbora.lt/products/d7f2a595-c36b-433f-8eb6-a666ff3a8b04_m.png",
    "title": "Dantų šepetėlis JORDAN ULTIMATE YOU SOFT, 1 vnt.",
    "price": "2.39",
    "price_2": null,
    "extra_info": "2 ar daugiau su –40%"
  },
  {
    "image_url": "https://cdn.barbora.lt/products/7ce642e8-0d25-457e-b57a-7da61377ad99_m.png",
    "title": "Skutimosi želė NIVEA MEN SENSITIVE COOL jautriai odai, 200 ml",
    "price": "3.29",
    "price_2": "16,45€/l",
    "extra_info": "–51%"
  },
  {
    "image_url": "https://cdn.barbora.lt/products/a36b0738-497c-4354-87a9-931b0eae5c75_m.png",
    "title": "Sausas plaukų šampūnas GOT2B EXTRA FRESH, 200 ml",
    "price": "8.69",
    "price_2": null,
    "extra_info": "2 ar daugiau su –40%"
  },
  {
    "image_url": "https://cdn.barbora.lt/products/a1da25b7-1c5a-4a0f-aa3a-576bf5f76613_m.png",
    "title": "Plaukų šampūnas GARNIER , 400 ml",
    "price": "6.29",
    "price_2": null,
    "extra_info": "2 ar daugiau su –40%"
  },
  {
    "image_url": "https://cdn.barbora.lt/products/c7e3facc-0bba-4500-9629-1f0cff96eae0_m.png",
    "title": "Dažytų plaukų šampūnas NIDA su gintaro ekstraktu, 250 ml",
    "price": "2.19",
    "price_2": null,
    "extra_info": "2 ar daugiau su –40%"
  },
  {
    "image_url": "https://cdn.barbora.lt/products/2655a6f4-5333-4932-857f-5535f9198e35_m.png",
    "title": "Sausų plaukų šampūnas NIDA su kviečių baltymais, 250 ml",
    "price": "2.19",
    "price_2": null,
    "extra_info": "2 ar daugiau su –40%"
  },
  {
    "image_url": "https://cdn.barbora.lt/products/8f0a9cfc-273c-4e31-8328-16dad0c8f397_m.png",
    "title": "Kadagių uogos SANTA MARIA, 21 g",
    "price": "3.99",
    "price_2": null,
    "extra_info": "2 ar daugiau su –50%"
  },
  {
    "image_url": "https://cdn.barbora.lt/products/9a621138-fd98-4f86-a102-f1064ae6cf10_m.png",
    "title": "NIVEA®  NAKTINIS KREMAS 65+, 50 ml",
    "price": "5.59",
    "price_2": "111,8€/l",
    "extra_info": "–50%"
  },
  {
    "image_url": "https://cdn.barbora.lt/products/706614a8-2730-4bfc-a107-31e5b775a755_m.png",
    "title": "Vaflinis batonėlis KIT KAT CHUNKY DUO, 64 g",
    "price": "1.79",
    "price_2": null,
    "extra_info": "2 ar daugiau su –25%"
  },
  {
    "image_url": "https://cdn.barbora.lt/products/74dcb4bc-0f55-4e7b-b9fd-87d2812014db_m.png",
    "title": "Gazuotas gaivusis gėrimas SPRITE ZERO, 500 ml",
    "price": "1.29",
    "price_2": null,
    "extra_info": "2 už 1,89€"
  },
  {
    "image_url": "https://cdn.barbora.lt/products/6e51ee59-3d46-48a2-af89-a33221e0d167_m.png",
    "title": "Makaronų padažas FELIX su daržovėmis, 360 g",
    "price": "2.46",
    "price_2": "6,83€/kg",
    "extra_info": "–25%"
  },
  {
    "image_url": "https://cdn.barbora.lt/products/bcc3a598-048d-47bd-af98-36282f72f1b6_m.png",
    "title": "NIVEA MEN Dušo želė vyrams BOOST, 500 ml",
    "price": "3.39",
    "price_2": "6,78€/l",
    "extra_info": "–51%"
  },
  {
    "image_url": "https://cdn.barbora.lt/products/9d76dcb2-a9ee-412f-ae4f-e9f7ec7f01cb_m.png",
    "title": "Sausainiai TWIX, 144 g",
    "price": "3.99",
    "price_2": null,
    "extra_info": "2 ar daugiau su –25%"
  },
  {
    "image_url": "https://cdn.barbora.lt/products/eaa14fdc-9681-4228-b756-ddb279d159db_m.png",
    "title": "Vafliniai batonėliai LION PEANUT, 2 vnt., 62 g",
    "price": "1.19",
    "price_2": null,
    "extra_info": "2 ar daugiau su –25%"
  },
  {
    "image_url": "https://cdn.barbora.lt/products/513ded24-caf1-486e-aaeb-deca73ed53fe_m.png",
    "title": "Plombyras WELL DONE su karamele ir lazdynų riešutais, 90 g",
    "price": "1.69",
    "price_2": null,
    "extra_info": "2 už 1,99€"
  },
  {
    "image_url": "https://cdn.barbora.lt/products/6bdd9c71-850a-436b-bd97-bfaba15e957c_m.png",
    "title": "Skalb. milteliai PERSIL EXPERT FRESHNESS BY SILAN, 18 skalb., 990 g",
    "price": "5.29",
    "price_2": "5,34€/kg",
    "extra_info": "–40%"
  },
  {
    "image_url": "https://cdn.barbora.lt/products/324cfcb6-eee9-48c5-b455-06e199c33d31_m.png",
    "title": "Plaukų šampūnas HEAD&SHOULDERS MENTHOL;800ml",
    "price": "13.99",
    "price_2": null,
    "extra_info": "2 ar daugiau su –40%"
  },
  {
    "image_url": "https://cdn.barbora.lt/products/27b4d437-a10f-4519-a526-8191006e76fe_m.png",
    "title": "Universalusis prieskonių mišinys SANTA MARIA, 78 g",
    "price": "5.59",
    "price_2": null,
    "extra_info": "2 ar daugiau su –50%"
  },
  {
    "image_url": "https://cdn.barbora.lt/products/2a836797-0a95-488b-bc15-adcb2404bb9b_m.png",
    "title": "Ekologiška daržovių sriuba NATUR COMPAGNIE su makaronais, 50 g",
    "price": "1.79",
    "price_2": "35,8€/kg",
    "extra_info": "–28%"
  },
  {
    "image_url": "https://cdn.barbora.lt/products/75186977-cd18-4a7d-98ba-9e71e7a98376_m.png",
    "title": "Moteriškas purškiamasis antiperspirantas REXONA ADV.P.I.B&W, 150 ml",
    "price": "2.39",
    "price_2": "15,93€/l",
    "extra_info": "–50%"
  },
  {
    "image_url": "https://cdn.barbora.lt/products/4951cd4c-116a-40cf-97e0-227d496d7f26_m.png",
    "title": "Dušo gelis ir šampūnas su kondic. PAW PATROL CHASE 3IN1, 400 ml",
    "price": "7.99",
    "price_2": null,
    "extra_info": "2 ar daugiau su –40%"
  },
  {
    "image_url": "https://cdn.barbora.lt/products/888ce2a6-6b8e-413a-83bf-a805c0ec1aa0_m.png",
    "title": "Vaikiškos dušo putos O'LYSEE, braškių ir aviečių kvapo, 250 ml",
    "price": "9.89",
    "price_2": null,
    "extra_info": "2 ar daugiau su –40%"
  },
  {
    "image_url": "https://cdn.barbora.lt/products/2f081bc6-a9ea-4f1c-ad51-0d436790d46c_m.png",
    "title": "Milteliai ACORUS BALANCE FIBER IMMUNO, 300 g",
    "price": "5.99",
    "price_2": "19,96€/kg",
    "extra_info": "–37%"
  },
  {
    "image_url": "https://cdn.barbora.lt/products/bbbedcf4-cb90-4436-ad74-a1c4b0fff81d_m.png",
    "title": "Veganiški čeburekai GOURMET GREEN su meksikietišku padažu, 230 g",
    "price": "2.39",
    "price_2": "10,39€/kg",
    "extra_info": "–20%"
  },
  {
    "image_url": "https://cdn.barbora.lt/products/d12135d8-cfde-4ff8-8eab-48ddeb24b471_m.png",
    "title": "ELSEVE  šampūnas, 400 ml",
    "price": "7.39",
    "price_2": null,
    "extra_info": "2 ar daugiau su –40%"
  },
  {
    "image_url": "https://cdn.barbora.lt/products/90fb3179-5a01-4b36-a1ff-29a3cf4d7f57_m.png",
    "title": "Dušo želė DOVE CREAMY INDULGING, 450 ml",
    "price": "3.79",
    "price_2": "8,42€/l",
    "extra_info": "–50%"
  },
  {
    "image_url": "https://cdn.barbora.lt/products/bcec4a79-ffaa-45c9-a7d6-5b51213bd760_m.png",
    "title": "Arbata WELL DONE, medaus ir vanilės skonio, 40 g",
    "price": "2.29",
    "price_2": null,
    "extra_info": "2 ar daugiau su –25%"
  },
  {
    "image_url": "https://cdn.barbora.lt/products/cbea970d-33d8-4b8c-bf20-1977445a810a_m.png",
    "title": "Lazdelės su paukštiena ir kepenimis LOVETT, 50 g",
    "price": "0.83",
    "price_2": "16,6€/kg",
    "extra_info": "–30%"
  },
  {
    "image_url": "https://cdn.barbora.lt/products/a04f0ddf-8d73-47f5-b8bf-20db18b775a8_m.png",
    "title": "Keksas su aguonomis, 260 g",
    "price": "2.09",
    "price_2": "8,04€/kg",
    "extra_info": "–13%"
  },
  {
    "image_url": "https://cdn.barbora.lt/products/3bfde6ce-ceb9-4565-b260-e36d04b86c31_m.png",
    "title": "Šašlykų prieskoniai SANTA MARIA, 45 g",
    "price": "0.99",
    "price_2": null,
    "extra_info": "2 ar daugiau su –50%"
  },
  {
    "image_url": "https://cdn.barbora.lt/products/c6a5c836-90cd-4d9b-a0d6-6bcc69550c07_m.png",
    "title": "Moteriškas purškiamasis dezodorantas REXONA ALOE VERA, 150 ml",
    "price": "2.09",
    "price_2": "13,93€/l",
    "extra_info": "–51%"
  },
  {
    "image_url": "https://cdn.barbora.lt/products/e6244446-2da9-4503-be2c-5a9c497c8ede_m.png",
    "title": "Dantų pasta PARODONTAX FLUORID, 75 ml",
    "price": "6.19",
    "price_2": null,
    "extra_info": "2 ar daugiau su –40%"
  },
  {
    "image_url": "https://cdn.barbora.lt/products/6c834cbc-bdb9-4cd8-b8cf-bb5d39053801_m.png",
    "title": "Įvairūs pipirai malūnėlyje KOTANYI, 35 g",
    "price": "2.86",
    "price_2": "81,72€/kg",
    "extra_info": "–30%"
  },
  {
    "image_url": "https://cdn.barbora.lt/products/c3d67203-19df-40c8-90ef-a3144d98b107_m.png",
    "title": "Vaikiškas šampūnas TINDI su kviečių gemalų ekstraktu, 210 ml",
    "price": "1.69",
    "price_2": null,
    "extra_info": "2 ar daugiau su –40%"
  },
  {
    "image_url": "https://cdn.barbora.lt/products/3a7b7879-b29d-4e32-8e07-37ce508ea2e9_m.png",
    "title": "Plaukų šampūnas SCHAUMA COLOR SHINE su granatais, 400 ml",
    "price": "4.59",
    "price_2": null,
    "extra_info": "2 ar daugiau su –40%"
  },
  {
    "image_url": "https://cdn.barbora.lt/products/d4296736-af67-4463-8a52-effac7300869_m.png",
    "title": "Kepsnių prieskoniai SANTA MARIA BBQ & GRILL MESQUITE, 85 g",
    "price": "5.89",
    "price_2": null,
    "extra_info": "2 ar daugiau su –50%"
  },
  {
    "image_url": "https://cdn.barbora.lt/products/f093721c-9ec4-469f-aba1-5f58fb90f04b_m.png",
    "title": "Higieniniai įklotai CAREFREE ALOE, 76 vnt.",
    "price": "4.49",
    "price_2": "0,06€/vnt.",
    "extra_info": "–31%"
  },
  {
    "image_url": "https://cdn.barbora.lt/products/7ab1f761-b3bb-4f13-a0f8-f00714b31e9d_m.png",
    "title": "Vyriškas rutulinis dezodorantas DOVE CLEAN COMFORT, 50 ml",
    "price": "2.29",
    "price_2": "45,8€/l",
    "extra_info": "–50%"
  },
  {
    "image_url": "https://cdn.barbora.lt/products/12379d49-216b-4c2d-bb85-9087176ac9fa_m.png",
    "title": "Juodoji arbata BASILUR ORIENTAL MAGIC NIGHTS, 100 g",
    "price": "5.99",
    "price_2": null,
    "extra_info": "2 ar daugiau su –25%"
  },
  {
    "image_url": "https://cdn.barbora.lt/products/7394ab2a-3f43-4bb9-b537-c1d888ac8894_m.png",
    "title": "Plaukų šampūnas HEAD&SHOULDERS  Classic Clean, 250 ml",
    "price": "6.29",
    "price_2": null,
    "extra_info": "2 ar daugiau su –40%"
  },
  {
    "image_url": "https://cdn.barbora.lt/products/26d2c56b-7205-4106-92f2-398acca554af_m.png",
    "title": "Moteriškos pėdkelnės ORI Control Body40, NERO, 3 dydis,",
    "price": "2.84",
    "price_2": "2,84€/vnt.",
    "extra_info": "–50%"
  },
  {
    "image_url": "https://cdn.barbora.lt/products/f3ce6a02-83d1-4eb2-aa3f-9e79a87cc460_m.png",
    "title": "Vyriška dušo želė DOVE COOL FRESH MEN, 400 ml",
    "price": "3.19",
    "price_2": "7,98€/l",
    "extra_info": "–50%"
  },
  {
    "image_url": "https://cdn.barbora.lt/products/fccc3b62-88ea-4421-896e-b54d7ad4cd82_m.png",
    "title": "Moteriškos pėdkelnės ORI Attiva Body70, 4 dydis,nero",
    "price": "2.14",
    "price_2": "2,14€/vnt.",
    "extra_info": "–50%"
  },
  {
    "image_url": "https://cdn.barbora.lt/products/351ce335-bcdc-466d-be83-d712c5b54efe_m.png",
    "title": "Moteriškas purškiamasis dezodorantas REXONA ACTIVE PROTECT.F, 150 ml",
    "price": "2.09",
    "price_2": "13,93€/l",
    "extra_info": "–51%"
  },
  {
    "image_url": "https://cdn.barbora.lt/products/60b9df15-6159-4c2f-b628-a2388de197a4_m.png",
    "title": "Moteriškos pėdkelnės IMG Chance 150den 3 dydis nero",
    "price": "3.39",
    "price_2": "3,39€/vnt.",
    "extra_info": "–50%"
  },
  {
    "image_url": "https://cdn.barbora.lt/products/1f3b477a-e535-433f-a3d9-132aac80a84c_m.png",
    "title": "Plaukų kondicionierius GENERA su ramunėlėmis, 500 ml",
    "price": "1.89",
    "price_2": null,
    "extra_info": "2 ar daugiau su –40%"
  },
  {
    "image_url": "https://cdn.barbora.lt/products/34e9fcf6-68d1-4261-ab8a-39544636c5f9_m.png",
    "title": "Išrūgų baltymai GYMON (vanilės skonio), 1 kg",
    "price": "23.19",
    "price_2": "23,19€/kg",
    "extra_info": "–20%"
  },
  {
    "image_url": "https://cdn.barbora.lt/products/6aa53141-8aa4-4030-afc2-198109cf3cd4_m.png",
    "title": "Vyriškas šampūnas VĖJAS nuo pleiskanų su šalavijų ekstraktu, 250 ml",
    "price": "2.19",
    "price_2": null,
    "extra_info": "2 ar daugiau su –40%"
  },
  {
    "image_url": "https://cdn.barbora.lt/products/18137ae9-e359-47e4-b03f-4be74eac0da2_m.png",
    "title": "Plaukų šampūnas GREEN FEEL'S , 250 ml",
    "price": "2.99",
    "price_2": null,
    "extra_info": "2 ar daugiau su –40%"
  },
  {
    "image_url": "https://cdn.barbora.lt/products/89aee0b7-dca1-406e-ad50-a892979b718f_m.png",
    "title": "Kvapioji druska SANTA MARIA, 74 g",
    "price": "1.89",
    "price_2": null,
    "extra_info": "2 ar daugiau su –50%"
  },
  {
    "image_url": "https://cdn.barbora.lt/products/535d33d3-b845-4325-8794-ea4d2f23181a_m.png",
    "title": "NIVEA®  DIENINIS KREMAS 65+, 50 ml",
    "price": "5.59",
    "price_2": "111,8€/l",
    "extra_info": "–50%"
  },
  {
    "image_url": "https://cdn.barbora.lt/products/bc60b692-6c96-4b86-94b6-4c85e2c53708_m.png",
    "title": "NIVEA Dušo želė CREME SOFT, 500 ml",
    "price": "3.39",
    "price_2": "6,78€/l",
    "extra_info": "–51%"
  },
  {
    "image_url": "https://cdn.barbora.lt/products/a4bddab1-76bc-445b-abec-dda292d7e599_m.png",
    "title": "Žalioji arbata PRESTO (VASAROS ŠĖLSMAS), 80 g",
    "price": "2.19",
    "price_2": null,
    "extra_info": "2 ar daugiau su –25%"
  },
  {
    "image_url": "https://cdn.barbora.lt/products/966e5767-867d-425e-99b3-73cad5030634_m.png",
    "title": "Vyriškas plaukų šampūnas SYOSS MEN Clean&Cool, 440 ml",
    "price": "7.49",
    "price_2": null,
    "extra_info": "2 ar daugiau su –40%"
  },
  {
    "image_url": "https://cdn.barbora.lt/products/53000d98-a23b-405f-ac02-c1750e1566de_m.png",
    "title": "Dantų pasta ELMEX CARIES PROTECTION WHITENING, 75 ml",
    "price": "6.89",
    "price_2": null,
    "extra_info": "2 ar daugiau su –40%"
  },
  {
    "image_url": "https://cdn.barbora.lt/products/406bfc76-a40a-4a42-a87c-bef23f9ac4bd_m.png",
    "title": "Uogų tyrė arbatai MASHIE su juod. serbentais ir pipirmėtėmis, 180 g",
    "price": "4.69",
    "price_2": null,
    "extra_info": "2 ar daugiau su –25%"
  },
  {
    "image_url": "https://cdn.barbora.lt/products/0e94ae4f-c399-42bc-b8d7-db65b1c06877_m.png",
    "title": "Vaikiškas plaukų šampūnas ir dušo gelis SCHAUMA KIDS, 400 ml",
    "price": "4.99",
    "price_2": null,
    "extra_info": "2 ar daugiau su –40%"
  },
  {
    "image_url": "https://cdn.barbora.lt/products/70a4871b-8a88-474b-996b-87517ba0f9d6_m.png",
    "title": "Mikropluošto stiklo šluostė ROTZ, 30 x 40 cm, 1 vnt.",
    "price": "1.49",
    "price_2": null,
    "extra_info": "2 ar daugiau su –40%"
  },
  {
    "image_url": "https://cdn.barbora.lt/products/410a709b-41f6-4fa8-97a7-d6832b7e905d_m.png",
    "title": "Club 4 Paws Premium visavertis pašaras suaugusioms sterilizuotoms katėms, 300 g",
    "price": "1.29",
    "price_2": "4,3€/kg",
    "extra_info": "–35%"
  },
  {
    "image_url": "https://cdn.barbora.lt/products/ef449820-0d80-4847-b12b-2c2a6c46d9d9_m.png",
    "title": "Stiklų servetėlės TURTLE WAX, 24 vnt.",
    "price": "2.49",
    "price_2": "0,1€/vnt.",
    "extra_info": "–50%"
  },
  {
    "image_url": "https://cdn.barbora.lt/products/e2d94a62-1608-4480-a118-8f128892fd9e_m.png",
    "title": "Patalynės komplektas, 140 x 200 cm, 1 vnt. 50 x 70 cm, 1 vnt.",
    "price": "15.99",
    "price_2": null,
    "extra_info": "2 ar daugiau su –40%"
  },
  {
    "image_url": "https://cdn.barbora.lt/products/b4e6d604-b888-4c2a-bae3-7a4defe41b22_m.png",
    "title": "NIVEA REPAIR & CARE KREMAS VEIDUI, KŪNUI IR RANKOMS.12% GLICERINO IR VITAMINAS E, 400 ml",
    "price": "7.49",
    "price_2": "18,73€/l",
    "extra_info": "–50%"
  },
  {
    "image_url": "https://cdn.barbora.lt/products/c5825037-a456-464a-bb9e-fc603e7b6b77_m.png",
    "title": "Šokoladiniai sausainiai SCHAR, su vanilės kremu, be glitimo, 165 g",
    "price": "4.49",
    "price_2": null,
    "extra_info": "2 ar daugiau su –25%"
  },
  {
    "image_url": "https://cdn.barbora.lt/products/20036aff-9848-40b6-a584-c3ca30f80a38_m.png",
    "title": "Graikinių riešutų miltai ŽOLYNĖLIS, 200 g",
    "price": "4.49",
    "price_2": "22,45€/kg",
    "extra_info": "–36%"
  },
  {
    "image_url": "https://cdn.barbora.lt/products/65a78e0c-5a59-4d58-9d32-e59d1ccc3f50_m.png",
    "title": "Danų pasta COLGATE ADVANCE WHITE PURPLE 75 ml",
    "price": "4.99",
    "price_2": null,
    "extra_info": "2 ar daugiau su –40%"
  },
  {
    "image_url": "https://cdn.barbora.lt/products/bb1bf460-ff45-4d30-a4a4-0501db51a0e5_m.png",
    "title": "Žolelių arbata BREATHE WELL DONE, 30 g",
    "price": "2.29",
    "price_2": null,
    "extra_info": "2 ar daugiau su –25%"
  },
  {
    "image_url": "https://cdn.barbora.lt/products/51081467-6059-4c8e-a9aa-660c45e6cfec_m.png",
    "title": "Plaukų kondicionierius AUSSIE Oh My Gloss, 200 ml",
    "price": "9.99",
    "price_2": null,
    "extra_info": "2 ar daugiau su –40%"
  },
  {
    "image_url": "https://cdn.barbora.lt/products/77e3370e-6843-46a9-a2ad-e53c829f54e0_m.png",
    "title": "Prieskonių mišinys SANTA MARIA su česnakais ir imbieru, 47 g",
    "price": "1.69",
    "price_2": null,
    "extra_info": "2 ar daugiau su –50%"
  },
  {
    "image_url": "https://cdn.barbora.lt/products/37ac1e52-cee8-4f31-8aca-1213fadd0fa9_m.png",
    "title": "Moteriškos kojinės ORI NIKA 40 , one size, nero",
    "price": "2.24",
    "price_2": "2,24€/vnt.",
    "extra_info": "–50%"
  },
  {
    "image_url": "https://cdn.barbora.lt/products/12d8f8b1-b332-43b7-8028-e0af83564e27_m.png",
    "title": "Paklodė su guma 90x200+30cm,sidabrinė",
    "price": "7.99",
    "price_2": null,
    "extra_info": "2 ar daugiau su –40%"
  },
  {
    "image_url": "https://cdn.barbora.lt/products/1752de2a-3e13-4f28-95be-6e0f69fa7772_m.png",
    "title": "Paklodė su guma 90x200+30cm, balta",
    "price": "7.99",
    "price_2": null,
    "extra_info": "2 ar daugiau su –40%"
  },
  {
    "image_url": "https://cdn.barbora.lt/products/49977b0e-0f3a-4a51-aa83-53b3d346dece_m.png",
    "title": "Česnakiniai pipirai SANTA MARIA, 30 g",
    "price": "1.59",
    "price_2": null,
    "extra_info": "2 ar daugiau su –50%"
  },
  {
    "image_url": "https://cdn.barbora.lt/products/6ffaef51-9a14-4af4-82a6-4ef44ae9c904_m.png",
    "title": "Prieskonių mišinys KOTANYI (VIDURŽEMIO SALOTOS), 13 g",
    "price": "0.76",
    "price_2": "58,46€/kg",
    "extra_info": "–30%"
  },
  {
    "image_url": "https://cdn.barbora.lt/products/76516b13-2663-46b4-a626-abdddd7d2ca8_m.png",
    "title": "Prieskoniniai žalumynai KOTANYI, 16 g",
    "price": "0.83",
    "price_2": "51,88€/kg",
    "extra_info": "–30%"
  },
  {
    "image_url": "https://cdn.barbora.lt/products/b039e68e-1683-4d8e-a5e6-30903bcd05fa_m.png",
    "title": "Vyriškas pieštukinis dezodorantas REXONA INVISIBLE BLACK&W, 50 ml",
    "price": "2.09",
    "price_2": "41,8€/l",
    "extra_info": "–51%"
  },
  {
    "image_url": "https://cdn.barbora.lt/products/03a0c53c-68ae-45e1-b26f-4f2bd56db29a_m.png",
    "title": "Universalūs prieskoniai SANTA MARIA, 160 g",
    "price": "2.69",
    "price_2": null,
    "extra_info": "2 ar daugiau su –50%"
  },
  {
    "image_url": "https://cdn.barbora.lt/products/896c053a-95db-4c63-a4d3-8d2d468906ae_m.png",
    "title": "Skutimosi putos NIVEA MEN SENSITIVE COOL jautriai odai, 200 ml",
    "price": "2.69",
    "price_2": "13,45€/l",
    "extra_info": "–51%"
  },
  {
    "image_url": "https://cdn.barbora.lt/products/b5f36f1e-861e-4c57-a7ea-6b6fd26b09bb_m.png",
    "title": "Grybukai, 1 kg",
    "price": "20.99",
    "price_2": null,
    "extra_info": "2 ar daugiau su –25%"
  },
  {
    "image_url": "https://cdn.barbora.lt/products/f3fadd9e-d737-48e0-a39e-ff36bcfd6845_m.png",
    "title": "Moteriškas purškiamasis dezodorantas DOVE INVISIBLE CARE, 150 ml",
    "price": "2.29",
    "price_2": "15,27€/l",
    "extra_info": "–50%"
  },
  {
    "image_url": "https://cdn.barbora.lt/products/87661c36-f80c-4c56-86e1-17844c03777a_m.png",
    "title": "Moteriškos pėdkelnės  ORI Cristal20, 3,nero",
    "price": "1.84",
    "price_2": "1,84€/vnt.",
    "extra_info": "–50%"
  },
  {
    "image_url": "https://cdn.barbora.lt/products/7c42ae87-ef90-45ce-a8b7-43f307ea6d5f_m.png",
    "title": "Dantų pasta PARODONTAX COMPLETE PROTECTION WHITENING, 75 ml",
    "price": "7.69",
    "price_2": null,
    "extra_info": "2 ar daugiau su –40%"
  },
  {
    "image_url": "https://cdn.barbora.lt/products/ec4c741c-7883-401f-a6fb-2dd1b5a3535a_m.png",
    "title": "Vyr. plaukų šampūnas-kondicionierius VĖJAS su gintaro ekst., 250 ml",
    "price": "2.19",
    "price_2": null,
    "extra_info": "2 ar daugiau su –40%"
  },
  {
    "image_url": "https://cdn.barbora.lt/products/f6f831c3-ee0a-48b5-abe3-38a060f23d3c_m.png",
    "title": "Grūsti juodieji pipirai SANTA MARIA, 36 g",
    "price": "2.79",
    "price_2": null,
    "extra_info": "2 ar daugiau su –50%"
  },
  {
    "image_url": "https://cdn.barbora.lt/products/606cda50-e9a6-437f-99a8-d1ef0cae661f_m.png",
    "title": "Elektrinis dantų šepetukas COLGATE, 1 vnt.",
    "price": "8.49",
    "price_2": null,
    "extra_info": "2 ar daugiau su –40%"
  },
  {
    "image_url": "https://cdn.barbora.lt/products/7ffc733d-87c7-4f51-8391-68d9340d4698_m.png",
    "title": "Dantų šepetėlis PARODONTAX COMPLETE PROTECT EXTRA SOFT, 1 vnt.",
    "price": "3.99",
    "price_2": null,
    "extra_info": "2 ar daugiau su –40%"
  },
  {
    "image_url": "https://cdn.barbora.lt/products/e921572d-0502-463f-85a8-2691c83bc44f_m.png",
    "title": "Vyriškas plaukų šampūnas SCHAUMA 3IN1, 400 ml",
    "price": "4.59",
    "price_2": null,
    "extra_info": "2 ar daugiau su –40%"
  },
  {
    "image_url": "https://cdn.barbora.lt/products/979d998a-a42c-4c13-a93d-b544f86d3901_m.png",
    "title": "Vyriškos kojinės SPARTA, 44-46 dydis, 2 vnt.",
    "price": "3.99",
    "price_2": "2€/vnt.",
    "extra_info": "–50%"
  },
  {
    "image_url": "https://cdn.barbora.lt/products/9db1a587-6e2d-4f5f-81ba-7774dae6cb3b_m.png",
    "title": "NIVEA MEN \"FRESH KICK\" purškiamas antiperspirantas vyrams, 150 ml",
    "price": "2.39",
    "price_2": "15,93€/l",
    "extra_info": "–50%"
  },
  {
    "image_url": "https://cdn.barbora.lt/products/2fc4df0e-4adf-4cf5-8aea-a5b40208c376_m.png",
    "title": "Prieskonių mišinys VEGETA NATUR SHASHLIK, 20 g",
    "price": "0.69",
    "price_2": null,
    "extra_info": "2 ar daugiau su –40%"
  },
  {
    "image_url": "https://cdn.barbora.lt/products/55ccb286-df9f-4fbb-b2c4-4d2a633fb0a8_m.png",
    "title": "Dantų šepetėliai JORDAN ULTRALITE MEDIUM, 2 vnt., 2 vnt.",
    "price": "3.79",
    "price_2": null,
    "extra_info": "2 ar daugiau su –40%"
  },
  {
    "image_url": "https://cdn.barbora.lt/products/10198feb-2584-4889-be81-3682d8a8b3ab_m.png",
    "title": "Vaflinis batonėlis FAZER KISMET su irisų įdaru, 55 g",
    "price": "1.49",
    "price_2": null,
    "extra_info": "2 ar daugiau su –25%"
  },
  {
    "image_url": "https://cdn.barbora.lt/products/c5284d42-3f5c-440d-8a8b-9605260a2a8d_m.png",
    "title": "Dantų siūlas HUMBLE su aktyvintosiomis anglimis, 50 m.",
    "price": "4.09",
    "price_2": null,
    "extra_info": "2 ar daugiau su –40%"
  },
  {
    "image_url": "https://cdn.barbora.lt/products/2f41d48b-e180-4451-84a4-b48866ae331a_m.png",
    "title": "Skrud. žemės riešutai apvalkale TAFFEL BLUE CHEESE, 140 g",
    "price": "1.09",
    "price_2": "7,78€/kg",
    "extra_info": "–50%"
  },
  {
    "image_url": "https://cdn.barbora.lt/products/de4d6b2f-a428-4320-b05c-a4eb0dfe07f2_m.png",
    "title": "AQUAFRESH dantų šeptėlis Little Teeth (3-5m)",
    "price": "3.49",
    "price_2": null,
    "extra_info": "2 ar daugiau su –40%"
  },
  {
    "image_url": "https://cdn.barbora.lt/products/6cad1d42-70df-4018-b555-79c8d42af1ee_m.png",
    "title": "NIVEA valantis micelinis vanduo su aminorūgštimi ir vandenyno dumbliais mišriai odai, 400 ml",
    "price": "4.09",
    "price_2": "10,23€/l",
    "extra_info": "–51%"
  },
  {
    "image_url": "https://cdn.barbora.lt/products/50dcfd74-bfe1-4db0-a85a-ef56000a5b81_m.png",
    "title": "NIVEA ALOE & HYDRATION kūno losjonas, 400 ml",
    "price": "5.29",
    "price_2": "13,23€/l",
    "extra_info": "–51%"
  },
  {
    "image_url": "https://cdn.barbora.lt/products/3a83e8be-ac5b-46dd-b88d-0e0781051ea8_m.png",
    "title": "Servetėlės automobilių salonams valyti TURTLE WAX, 24 vnt.",
    "price": "2.49",
    "price_2": "0,1€/vnt.",
    "extra_info": "–50%"
  },
  {
    "image_url": "https://cdn.barbora.lt/products/283c735f-4d68-435d-9b7b-0f3f09a8d992_m.png",
    "title": "Skalbimo kapsulės PERSIL DiscsExpert 11vnt., 11 vnt.",
    "price": "5.35",
    "price_2": "0,48€/vnt.",
    "extra_info": "–40%"
  },
  {
    "image_url": "https://cdn.barbora.lt/products/e6c689af-b5f1-4e02-908c-ff7918f1768d_m.png",
    "title": "Higieniniai įklotai CAREFREE PLUS LARGE LIGHT, 48 vnt.",
    "price": "3.79",
    "price_2": "0,08€/vnt.",
    "extra_info": "–31%"
  },
  {
    "image_url": "https://cdn.barbora.lt/products/5f7227f0-58e4-4f42-a104-58ebf060a4d2_m.png",
    "title": "Elektrinio dantų šepetėlio galvutės ORAL-B SPIDERMAN, 4 vnt., 4 vnt.",
    "price": "25.99",
    "price_2": null,
    "extra_info": "2 ar daugiau su –40%"
  },
  {
    "image_url": "https://cdn.barbora.lt/products/df0abd00-3d52-4cb0-ae4a-eb10b4657955_m.png",
    "title": "Dušo želė DOVE ADVANCED CARE REVIVING, 400 ml",
    "price": "3.79",
    "price_2": "9,48€/l",
    "extra_info": "–51%"
  },
  {
    "image_url": "https://cdn.barbora.lt/products/5f94e0ab-f9c5-40cf-8774-35ce0576b01e_m.png",
    "title": "Tarpdančių siūlas JORDAN EASY SLIDE FRESH, 25 m, 1 vnt.",
    "price": "3.79",
    "price_2": null,
    "extra_info": "2 ar daugiau su –40%"
  },
  {
    "image_url": "https://cdn.barbora.lt/products/55e9c40f-6811-442f-abd3-8db03a6abbda_m.png",
    "title": "Kokosiniai traškūs vafliai be glitimo, mangų skonio, 140 g",
    "price": "3.99",
    "price_2": null,
    "extra_info": "2 ar daugiau su –25%"
  },
  {
    "image_url": "https://cdn.barbora.lt/products/d8a44260-e4cc-46d0-9beb-241ebd5b5e30_m.png",
    "title": "ELSEVE  šampūnas, 250ml",
    "price": "5.39",
    "price_2": null,
    "extra_info": "2 ar daugiau su –40%"
  },
  {
    "image_url": "https://cdn.barbora.lt/products/d8ab2fa7-5c72-444e-9f4d-0908d5a4a928_m.png",
    "title": "ELSEVE  balzamas 200ml",
    "price": "5.39",
    "price_2": null,
    "extra_info": "2 ar daugiau su –40%"
  },
  {
    "image_url": "https://cdn.barbora.lt/products/d0336e7c-15f0-4feb-b5a7-ba9cc1e1d89c_m.png",
    "title": "ELSEVE  plaukų serumas, 150ml",
    "price": "8.69",
    "price_2": null,
    "extra_info": "2 ar daugiau su –40%"
  },
  {
    "image_url": "https://cdn.barbora.lt/products/17effcf1-bf4a-41be-aa7b-ec5759ef4316_m.png",
    "title": "Kinrožių arbata EXTRA LINE, 80 g",
    "price": "1.29",
    "price_2": null,
    "extra_info": "2 ar daugiau su –25%"
  },
  {
    "image_url": "https://cdn.barbora.lt/products/81afbeaa-0c00-47b3-aabe-29f6cadd8417_m.png",
    "title": "Mangų ir pasiflorų arbata MASHIE, 500 ml",
    "price": "8.99",
    "price_2": null,
    "extra_info": "2 ar daugiau su –25%"
  },
  {
    "image_url": "https://cdn.barbora.lt/products/89a32331-e732-4b8e-9a4b-1ee60014a8ee_m.png",
    "title": "Ekologiška arbata maitinančioms mamoms HOLLE, 30 g, 20pak",
    "price": "4.69",
    "price_2": null,
    "extra_info": "2 ar daugiau su –25%"
  },
  {
    "image_url": "https://cdn.barbora.lt/products/634ba771-3b45-4449-b8d5-c48dfc7a9ee6_m.png",
    "title": "Vyriška dušo želė DOVE MEN EXTRA FRESH;700ml",
    "price": "4.99",
    "price_2": "7,13€/l",
    "extra_info": "–50%"
  },
  {
    "image_url": "https://cdn.barbora.lt/products/fe9c989f-101d-4116-9924-5d8fab63ab86_m.png",
    "title": "Dantų šepetėlis ORAL-B Pro-3DWhite, Whitening Clean, Medium, balti šereliai, 2 vnt.",
    "price": "4.49",
    "price_2": null,
    "extra_info": "2 ar daugiau su –40%"
  },
  {
    "image_url": "https://cdn.barbora.lt/products/7d5286c2-e36f-4fb7-95ba-3f94807b4c7a_m.png",
    "title": "Vyriška dušo želė DOVE MEN CLEAN COMFORT, 700 ml",
    "price": "4.99",
    "price_2": "7,13€/l",
    "extra_info": "–50%"
  },
  {
    "image_url": "https://cdn.barbora.lt/products/51beb194-163b-4f36-89fe-221becf2da1e_m.png",
    "title": "Majonezinis padažas su česnakais SANTA MARIA, 250 ml",
    "price": "4.19",
    "price_2": null,
    "extra_info": "2 ar daugiau su –50%"
  },
  {
    "image_url": "https://cdn.barbora.lt/products/966cad40-341c-485b-8c84-282012ee38ca_m.png",
    "title": "Plaukų šampūnas AUSSIE Oh My Gloss, 300 ml",
    "price": "9.89",
    "price_2": null,
    "extra_info": "2 ar daugiau su –40%"
  },
  {
    "image_url": "https://cdn.barbora.lt/products/755f3da1-342a-43b9-9caf-34dd73135c73_m.png",
    "title": "Majonezinis padažas su sezamais ir sojomis SANTA MARIA, 250 ml",
    "price": "4.19",
    "price_2": null,
    "extra_info": "2 ar daugiau su –50%"
  },
  {
    "image_url": "https://cdn.barbora.lt/products/93507682-48fc-44c0-80f4-db422f01b2b4_m.png",
    "title": "Moteriškos kojinės ORI LUNA 50 DEN, one size, nero, white spots",
    "price": "1.39",
    "price_2": "1,39€/vnt.",
    "extra_info": "–50%"
  },
  {
    "image_url": "https://cdn.barbora.lt/products/812aac08-f47e-43ae-b355-a41ac2e6f08f_m.png",
    "title": "Kilpinis rankšluostis 70x130cm,mėlyn",
    "price": "10.99",
    "price_2": null,
    "extra_info": "2 ar daugiau su –40%"
  },
  {
    "image_url": "https://cdn.barbora.lt/products/2ee646ff-7367-424f-b656-661c8b21e8c3_m.png",
    "title": "Kilpinis rankšluostis 70x130cm, smėlio",
    "price": "10.99",
    "price_2": null,
    "extra_info": "2 ar daugiau su –40%"
  },
  {
    "image_url": "https://cdn.barbora.lt/products/07ebbdc5-cd6c-4f57-8fb6-436face3b28d_m.png",
    "title": "Padažas su krapais ir citrinomis FELIX, 335 ml",
    "price": "2.24",
    "price_2": "6,69€/l",
    "extra_info": "–25%"
  },
  {
    "image_url": "https://cdn.barbora.lt/products/2175e226-74a8-4851-be04-50dccf7be3b1_m.png",
    "title": "Vaflinis batonėlis FAZER KISMET, 55 g",
    "price": "1.49",
    "price_2": null,
    "extra_info": "2 ar daugiau su –25%"
  },
  {
    "image_url": "https://cdn.barbora.lt/products/77d50faa-4d5e-4be4-837f-f64f9035cc98_m.png",
    "title": "Žalumynai KOTANYI sriuboms gardinti, 18 g",
    "price": "0.83",
    "price_2": "46,11€/kg",
    "extra_info": "–30%"
  },
  {
    "image_url": "https://cdn.barbora.lt/products/fc27cbfe-1f95-4a17-bc41-aa0410684900_m.png",
    "title": "Jūrų gėrybių ir žuvų prieskoniai malūnėlyje SANTA MARIA, 90 g",
    "price": "6.69",
    "price_2": null,
    "extra_info": "2 ar daugiau su –50%"
  },
  {
    "image_url": "https://cdn.barbora.lt/products/615e2d85-3c97-4a8a-afc1-c7567b1342cf_m.png",
    "title": "NIVEA® Color Brilliance kondicionierius, 200 ml",
    "price": "2.39",
    "price_2": "11,95€/l",
    "extra_info": "–50%"
  },
  {
    "image_url": "https://cdn.barbora.lt/products/569aaa78-7d5c-4791-90d3-ebdc2ddadfcf_m.png",
    "title": "Plaukų šampūnas SCHAUMA REPAIR, 400 ml",
    "price": "4.59",
    "price_2": null,
    "extra_info": "2 ar daugiau su –40%"
  },
  {
    "image_url": "https://cdn.barbora.lt/products/74773566-7bee-4196-b9c8-a10fa0af2b43_m.png",
    "title": "Žalioji arbata GURMAN'S GEISHA, 70 g",
    "price": "3.85",
    "price_2": null,
    "extra_info": "2 ar daugiau su –25%"
  },
  {
    "image_url": "https://cdn.barbora.lt/products/f65748e3-697c-4464-9e8e-badd3cf3bc53_m.png",
    "title": "Pagalvė ELDORADO HOME, 68 x 68 cm, 1 vnt.",
    "price": "13.99",
    "price_2": null,
    "extra_info": "2 ar daugiau su –40%"
  },
  {
    "image_url": "https://cdn.barbora.lt/products/f0c13e6f-28dd-4b97-9549-eedc7fdcf162_m.png",
    "title": "Vaikiškas šampūnas, balzamas ir dušo želė BUBCHEN (3in1), 230 ml",
    "price": "3.99",
    "price_2": null,
    "extra_info": "2 ar daugiau su –40%"
  },
  {
    "image_url": "https://cdn.barbora.lt/products/7f41ef63-4acb-4666-aace-e4d14c00cd7f_m.png",
    "title": "Vaikiška dušo želė PALMOLIVE, 750 ml",
    "price": "10.99",
    "price_2": null,
    "extra_info": "2 ar daugiau su –40%"
  },
  {
    "image_url": "https://cdn.barbora.lt/products/13dd5ccb-2804-4c33-8561-0580912a7bbd_m.png",
    "title": "Automobilių oro gaiviklis AREON ŽALGIRIS, 1 vnt.",
    "price": "1.49",
    "price_2": null,
    "extra_info": "2 ar daugiau su –40%"
  },
  {
    "image_url": "https://cdn.barbora.lt/products/a149067a-6834-4a1f-8ad8-46da752da25d_m.png",
    "title": "Moteriškos pėdkelnės ORI Attiva Body70, 5 dydis,nero",
    "price": "2.14",
    "price_2": "2,14€/vnt.",
    "extra_info": "–50%"
  },
  {
    "image_url": "https://cdn.barbora.lt/products/dfa57a21-0246-49ca-a345-285ddd9f5902_m.png",
    "title": "Karšto vyno skonio arbata SKANOVĖ, 300 g",
    "price": "5.79",
    "price_2": null,
    "extra_info": "2 ar daugiau su –25%"
  },
  {
    "image_url": "https://cdn.barbora.lt/products/f88a8d88-d699-4dfd-9934-ce339dc9f9fe_m.png",
    "title": "Vyriškas purškiamasis dezodorantas REXONA ACTIVE PROTECT.F, 150 ml",
    "price": "2.09",
    "price_2": "13,93€/l",
    "extra_info": "–51%"
  },
  {
    "image_url": "https://cdn.barbora.lt/products/73179b9a-6e71-4536-8739-d1738cc4bf8e_m.png",
    "title": "Sausas plaukų šampūnas GOT2B (EXTRA FRESH), 200 ml",
    "price": "8.69",
    "price_2": null,
    "extra_info": "2 ar daugiau su –40%"
  },
  {
    "image_url": "https://cdn.barbora.lt/products/9d8b755d-29d8-457c-a5f6-e110be2cc392_m.png",
    "title": "Vyriškas rutulinis dezodorantas REXONA ACTIVE PROTECTION, 50 ml",
    "price": "1.59",
    "price_2": "31,8€/l",
    "extra_info": "–50%"
  },
  {
    "image_url": "https://cdn.barbora.lt/products/af17645b-8fbf-49df-86df-e453eddc5eb2_m.png",
    "title": "Juodoji arbata PRESTO (ŠOKOLADINĖ VYŠNAITĖ), 80 g",
    "price": "2.09",
    "price_2": null,
    "extra_info": "2 ar daugiau su –25%"
  },
  {
    "image_url": "https://cdn.barbora.lt/products/5edc0ca3-fc58-4c86-aa70-27326442235d_m.png",
    "title": "Juodieji pipirai SANTA MARIA, 210 g",
    "price": "9.29",
    "price_2": null,
    "extra_info": "2 ar daugiau su –50%"
  },
  {
    "image_url": "https://cdn.barbora.lt/products/541f6fc4-e0a8-4c62-8e8d-50432fb9487f_m.png",
    "title": "Moteriškos pėdkelnės IMG Charme 80den 3 dydis nero",
    "price": "2.49",
    "price_2": "2,49€/vnt.",
    "extra_info": "–50%"
  },
  {
    "image_url": "https://cdn.barbora.lt/products/cfea11b6-d051-459e-a64e-3ba12f96bd2a_m.png",
    "title": "Moteriškos pėdkelnės IMG Charme 80den 4 dydis nero",
    "price": "2.49",
    "price_2": "2,49€/vnt.",
    "extra_info": "–50%"
  },
  {
    "image_url": "https://cdn.barbora.lt/products/a8b99407-590b-4b5d-9ba9-7163e6369b24_m.png",
    "title": "Mot. puskojinės IMMAGINE OLIVIA 40, vienas dydis, 2 vnt., 2 vnt.",
    "price": "1.49",
    "price_2": "0,75€/vnt.",
    "extra_info": "–50%"
  },
  {
    "image_url": "https://cdn.barbora.lt/products/cd608969-def8-41e3-9fa4-757de440556b_m.png",
    "title": "Žalioji Ceilono arbata IMPRA su jazminais, 100 g",
    "price": "3.29",
    "price_2": null,
    "extra_info": "2 ar daugiau su –25%"
  },
  {
    "image_url": "https://cdn.barbora.lt/products/bb0b894f-8f0e-4e18-ae92-f6cbaef87e62_m.png",
    "title": "Plaukų balzamas SYOSS Color, 440 ml",
    "price": "7.49",
    "price_2": null,
    "extra_info": "2 ar daugiau su –40%"
  },
  {
    "image_url": "https://cdn.barbora.lt/products/1e690fb2-b86d-4d66-8741-fc6fc247e730_m.png",
    "title": "Ledai HD FRUIT COLLECTION, 326 g",
    "price": "5.79",
    "price_2": "17,76€/kg",
    "extra_info": "–32%"
  },
  {
    "image_url": "https://cdn.barbora.lt/products/c4739236-3f03-4932-8aa7-b059ef7b90a7_m.png",
    "title": "Moteriškas purškiamasis antiperspirantas DOVE ACAI BERRY, 150 ml",
    "price": "2.29",
    "price_2": "15,27€/l",
    "extra_info": "–50%"
  },
  {
    "image_url": "https://cdn.barbora.lt/products/85ae34fd-ed3b-4de7-9436-f0ef6412612b_m.png",
    "title": "Kondicionierius SYOSS Intense Color, 250ml",
    "price": "7.29",
    "price_2": null,
    "extra_info": "2 ar daugiau su –40%"
  },
  {
    "image_url": "https://cdn.barbora.lt/products/3a474bf6-b2a8-47ea-a061-9aecf66ae2d3_m.png",
    "title": "NIVEA Fresh Flower pieštukinis antiperspirantas moterims, 50 ml",
    "price": "2.69",
    "price_2": "53,8€/l",
    "extra_info": "–50%"
  },
  {
    "image_url": "https://cdn.barbora.lt/products/c773f436-68a6-40aa-9e92-101a496e16f6_m.png",
    "title": "Pjaustyta vytinta mentė ESPANA, a. r., 80 g",
    "price": "2.99",
    "price_2": null,
    "extra_info": "2 ar daugiau su –20%"
  },
  {
    "image_url": "https://cdn.barbora.lt/products/ce1626fd-0ac5-47f4-ae14-aa979f43e2d7_m.png",
    "title": "Dantų pasta BLEND A MED COMPLETE Protect 7 Original, 75ml",
    "price": "2.79",
    "price_2": null,
    "extra_info": "2 ar daugiau su –40%"
  },
  {
    "image_url": "https://cdn.barbora.lt/products/5ad59d48-4d06-4cf6-b984-72d017a94a40_m.png",
    "title": "Dantų šepetėlis COLGATE HIGH DENSITY CHARCOAL SOFT, 1 vnt.",
    "price": "3.19",
    "price_2": null,
    "extra_info": "2 ar daugiau su –40%"
  },
  {
    "image_url": "https://cdn.barbora.lt/products/e6fab84c-9de6-4fce-a364-a4fb8c8e8618_m.png",
    "title": "Plaukų šampūnas, kondicionierius ir intensyvi priežiūra PANTENE Intensive Repair 3in1, 325 ml",
    "price": "5.99",
    "price_2": null,
    "extra_info": "2 ar daugiau su –40%"
  },
  {
    "image_url": "https://cdn.barbora.lt/products/946109f3-c278-458c-a491-a5ba09c20f86_m.png",
    "title": "K. rūkytos, vytintos KABANOS dešrelės WELL DONE, nerūš., 120 g",
    "price": "1.49",
    "price_2": "12,42€/kg",
    "extra_info": "–29%"
  },
  {
    "image_url": "https://cdn.barbora.lt/products/35a129ae-4aae-4930-8883-0733b1e22761_m.png",
    "title": "ELSEVE Hyaluron Plump naktinis kremas plaukams, 200ml",
    "price": "5.39",
    "price_2": null,
    "extra_info": "2 ar daugiau su –40%"
  },
  {
    "image_url": "https://cdn.barbora.lt/products/16164a9f-16be-4d53-a400-ed343e09bc40_m.png",
    "title": "Balzaminis Modenos actas ANDREA MILANO, 250 ml",
    "price": "7.99",
    "price_2": "31,96€/l",
    "extra_info": "–38%"
  },
  {
    "image_url": "https://cdn.barbora.lt/products/f2f77011-b5fa-481f-b7df-1020ced1b1ae_m.png",
    "title": "Aštrus kebabų padažas FELIX, 335 g",
    "price": "2.16",
    "price_2": "6,45€/kg",
    "extra_info": "–25%"
  },
  {
    "image_url": "https://cdn.barbora.lt/products/92b5db16-4c78-4c9e-bd1b-dc53c572850b_m.png",
    "title": "Skalbimo kapsulės PERSIL EXPERT DISCS Stain Removal 37 skalbimams, 37 vnt.",
    "price": "13.99",
    "price_2": "0,38€/vnt.",
    "extra_info": "–40%"
  },
  {
    "image_url": "https://cdn.barbora.lt/products/6c159e5f-fb3e-467a-a836-dcc3f0574dc0_m.png",
    "title": "NIVEA MEN SENSITIVE POWER šampūnas plaukams vyrams 250 ml",
    "price": "2.19",
    "price_2": "8,76€/l",
    "extra_info": "–51%"
  },
  {
    "image_url": "https://cdn.barbora.lt/products/5f11b936-dbb7-41f1-a2c1-4262bf010063_m.png",
    "title": "NIVEA MEN rutulinis antiperspirantas Derma Control Defend vyrams 50 ml",
    "price": "2.39",
    "price_2": "47,8€/l",
    "extra_info": "–50%"
  },
  {
    "image_url": "https://cdn.barbora.lt/products/f4a48aaf-484f-450b-9394-f195e49f04bc_m.png",
    "title": "NIVEA pieštukinis antiperspirantas Derma Control Defend moterims 50 ml",
    "price": "2.69",
    "price_2": "53,8€/l",
    "extra_info": "–50%"
  },
  {
    "image_url": "https://cdn.barbora.lt/products/84dfd103-cfd2-45ed-9a12-1f17b889a4c7_m.png",
    "title": "Kalafiorų kepsneliai GOURMET GREEN, 180 g",
    "price": "2.79",
    "price_2": "15,5€/kg",
    "extra_info": "–20%"
  },
  {
    "image_url": "https://cdn.barbora.lt/products/8d7c72b4-8622-4df4-9dd7-ab76bba96222_m.png",
    "title": "Saldus aitriųjų paprikų majonezinis padažas SANTA MARIA, 250 ml",
    "price": "4.19",
    "price_2": null,
    "extra_info": "2 ar daugiau su –50%"
  },
  {
    "image_url": "https://cdn.barbora.lt/products/59fffabf-7305-42dd-8bbc-ef067e33fe16_m.png",
    "title": "Kilpinis rankšluostis 50x90cm,mėlyn",
    "price": "5.99",
    "price_2": null,
    "extra_info": "2 ar daugiau su –40%"
  },
  {
    "image_url": "https://cdn.barbora.lt/products/813b92b1-6c71-4ae3-8c34-c64b987d5fac_m.png",
    "title": "Šokoladinis keksas BALVITEN su vyšniomis be glitimo, 220 g",
    "price": "3.99",
    "price_2": "18,13€/kg",
    "extra_info": "–20%"
  },
  {
    "image_url": "https://cdn.barbora.lt/products/24c42170-913c-4573-9259-4d5d3513d03f_m.png",
    "title": "Paklodė su guma 180x200+30cm,t.pilka",
    "price": "12.99",
    "price_2": null,
    "extra_info": "2 ar daugiau su –40%"
  },
  {
    "image_url": "https://cdn.barbora.lt/products/e6af65bd-5729-45a1-8caf-551e653b08e5_m.png",
    "title": "STITCH 3D dušo želė ir šampūnas 2 in 1, 400 ml",
    "price": "7.99",
    "price_2": null,
    "extra_info": "2 ar daugiau su –40%"
  },
  {
    "image_url": "https://cdn.barbora.lt/products/65e76c78-1451-4006-a5ad-fafc30624689_m.png",
    "title": "NIVEA MEN Veido kremas vyrams PROTECT&CARE, 50 ml",
    "price": "4.89",
    "price_2": "97,8€/l",
    "extra_info": "–51%"
  },
  {
    "image_url": "https://cdn.barbora.lt/products/1282bf80-b716-41ac-9e99-899f4f245ea3_m.png",
    "title": "Dantų siūlas SENSODYNE GENTLE, 30 m.",
    "price": "3.99",
    "price_2": null,
    "extra_info": "2 ar daugiau su –40%"
  },
  {
    "image_url": "https://cdn.barbora.lt/products/db3164b8-eac8-4d5c-9cd0-27d1f5bfb28e_m.png",
    "title": "Plaukų šampūnas PANTENE Aqua Light Active Nutri-Plex, 400 ml",
    "price": "6.99",
    "price_2": null,
    "extra_info": "2 ar daugiau su –40%"
  },
  {
    "image_url": "https://cdn.barbora.lt/products/377a8a05-d436-48a4-9cfe-cff466556385_m.png",
    "title": "Šamp.\"BUBCHEN\", 200 ml",
    "price": "3.59",
    "price_2": null,
    "extra_info": "2 ar daugiau su –40%"
  },
  {
    "image_url": "https://cdn.barbora.lt/products/f596161d-667d-4263-aa9f-f24e61e973bc_m.png",
    "title": "Moteriškos puskojinės IMMAGINE Italiana Lasca40(2p), universalus,nero,TI,6",
    "price": "1.59",
    "price_2": "0,8€/vnt.",
    "extra_info": "–50%"
  },
  {
    "image_url": "https://cdn.barbora.lt/products/9acfe431-ee33-4613-86f7-d7c333a4bdf6_m.png",
    "title": "Vaikiškas šampūnas-dušo želė BUBCHEN (AVIETĖ), 230 ml",
    "price": "3.99",
    "price_2": null,
    "extra_info": "2 ar daugiau su –40%"
  },
  {
    "image_url": "https://cdn.barbora.lt/products/d90e8a4a-eb91-4c53-8cff-3a67b8f4e515_m.png",
    "title": "Šampūnas ir dušo želė BUBCHEN SPORTO DRAUGAS, 230 ml",
    "price": "3.99",
    "price_2": null,
    "extra_info": "2 ar daugiau su –40%"
  },
  {
    "image_url": "https://cdn.barbora.lt/products/1aee051c-f2bd-49c5-b49a-e01481d1740b_m.png",
    "title": "NIVEA raminantis micelinis vanduo su aminorūgštimi ir dekspantenoliu jautriai odai, 200 ml",
    "price": "3.39",
    "price_2": "16,95€/l",
    "extra_info": "–50%"
  },
  {
    "image_url": "https://cdn.barbora.lt/products/6ae6f2f4-c6da-40f0-bb5f-f3dffd603a59_m.png",
    "title": "NIVEA Dušo želė CARE & STAR FRUIT, 500 ml",
    "price": "3.39",
    "price_2": "6,78€/l",
    "extra_info": "–51%"
  },
  {
    "image_url": "https://cdn.barbora.lt/products/66a96839-38d6-4d52-9616-7abb5f0e032c_m.png",
    "title": "Burnos skalavimo skystis ELMEX SENSITIVE, 400 ml",
    "price": "10.69",
    "price_2": null,
    "extra_info": "2 ar daugiau su –40%"
  },
  {
    "image_url": "https://cdn.barbora.lt/products/e8f176a8-0b8b-4cfe-8804-fd95ad02f00b_m.png",
    "title": "Plaukų šampūnas GARNIER FRUCTIS, 250 ml",
    "price": "4.49",
    "price_2": null,
    "extra_info": "2 ar daugiau su –40%"
  },
  {
    "image_url": "https://cdn.barbora.lt/products/f26d5e73-84e7-416d-b639-5d3a421bc734_m.png",
    "title": "Moteriškos pėdkelnės IMG Chance 150den 4 dydis, nero",
    "price": "3.39",
    "price_2": "3,39€/vnt.",
    "extra_info": "–50%"
  },
  {
    "image_url": "https://cdn.barbora.lt/products/7754beb2-737b-449c-88e4-60ab1474b5d9_m.png",
    "title": "Skutimosi želė NIVEA MEN DEEP, 200 ml",
    "price": "2.69",
    "price_2": "13,45€/l",
    "extra_info": "–51%"
  },
  {
    "image_url": "https://cdn.barbora.lt/products/fcf57e59-563c-4aa5-b67d-4f742165df2f_m.png",
    "title": "ECODENTA balinamoji dantų pasta su bergamotės ir citrinos aliejais 100 ml",
    "price": "5.75",
    "price_2": null,
    "extra_info": "2 ar daugiau su –40%"
  },
  {
    "image_url": "https://cdn.barbora.lt/products/0a15d812-0c0c-4e62-ba5e-557553060a8c_m.png",
    "title": "Plaukų kondicionierius GENERA su persikų ekstraktu, 500 ml",
    "price": "1.89",
    "price_2": null,
    "extra_info": "2 ar daugiau su –40%"
  },
  {
    "image_url": "https://cdn.barbora.lt/products/9919e887-0a1c-46d7-bab9-a04710a7c82e_m.png",
    "title": "Aitriųjų paprikų milteliai SANTA MARIA, 41 g",
    "price": "2.29",
    "price_2": null,
    "extra_info": "2 ar daugiau su –50%"
  },
  {
    "image_url": "https://cdn.barbora.lt/products/07bd5e1d-2c58-41c3-8cf3-91d27b573d95_m.png",
    "title": "Dantų šepetėlis SENSODYNE SENSITIVITY&GUM SOFT, 1 vnt.",
    "price": "4.79",
    "price_2": null,
    "extra_info": "2 ar daugiau su –40%"
  },
  {
    "image_url": "https://cdn.barbora.lt/products/47492af3-b3a7-4df0-be28-afa16fbf6c08_m.png",
    "title": "NIVEA BLACK&WHITE FRESH rutulinis antiperspirantas vyrams, 50 ml",
    "price": "2.39",
    "price_2": "47,8€/l",
    "extra_info": "–50%"
  },
  {
    "image_url": "https://cdn.barbora.lt/products/90fa9ea9-5597-4922-beba-e15f6a17e714_m.png",
    "title": "Bambukiniai tarpdančių šepetėliai HUMBLE, D1, 6 vnt., 1 vnt.",
    "price": "4.99",
    "price_2": null,
    "extra_info": "2 ar daugiau su –40%"
  },
  {
    "image_url": "https://cdn.barbora.lt/products/dcd55e22-d1db-45c3-995b-f307fe7ff1cd_m.png",
    "title": "Šampūnas SYOSS Curls & Waves 440ml",
    "price": "7.49",
    "price_2": null,
    "extra_info": "2 ar daugiau su –40%"
  },
  {
    "image_url": "https://cdn.barbora.lt/products/8044c621-6a44-49ab-9370-220a9826a91f_m.png",
    "title": "Dantų šepetėlis JORDAN GREEN CLEAN SENSITIVE ULTRA SOFT, 1 vnt.",
    "price": "3.29",
    "price_2": null,
    "extra_info": "2 ar daugiau su –40%"
  },
  {
    "image_url": "https://cdn.barbora.lt/products/9914eb03-38e4-45fd-8327-dc594bf477cf_m.png",
    "title": "Valgomieji KARALIŠKI karameliniai ledai su lazdynų riešutais, 420 g",
    "price": "4.14",
    "price_2": "9,86€/kg",
    "extra_info": "–50%"
  },
  {
    "image_url": "https://cdn.barbora.lt/products/f48900fb-f366-4975-8696-978694af87b6_m.png",
    "title": "Konservuotas kačių ėdalas LOVETT su paukštiena, 100 g, 100 g",
    "price": "0.38",
    "price_2": "3,8€/kg",
    "extra_info": "–31%"
  },
  {
    "image_url": "https://cdn.barbora.lt/products/a762f5e6-ee76-4ac9-a27a-5c9624d8a6d7_m.png",
    "title": "Vaikiškas šampūnas-prausiklis BUBCHEN KIDS, 230 ml",
    "price": "4.25",
    "price_2": null,
    "extra_info": "2 ar daugiau su –40%"
  },
  {
    "image_url": "https://cdn.barbora.lt/products/58a14e54-944d-40db-8ef4-b0df15cdccc9_m.png",
    "title": "Automobilių oro gaiviklis AREON X VERSION CALIFONIAN CHERRY, 1 vnt.",
    "price": "1.19",
    "price_2": null,
    "extra_info": "2 ar daugiau su –40%"
  },
  {
    "image_url": "https://cdn.barbora.lt/products/bf4fa4dc-678a-4f28-ad76-36d3290f9cb7_m.png",
    "title": "NIVEA MEN dušo želė vyrams FRESH KICK, 500 ml",
    "price": "3.39",
    "price_2": "6,78€/l",
    "extra_info": "–51%"
  },
  {
    "image_url": "https://cdn.barbora.lt/products/6c217317-c469-4977-9722-e9c87cbe6b09_m.png",
    "title": "Dantų pasta BIOREPAIR GUM PROTECTION, 75 ml",
    "price": "7.29",
    "price_2": null,
    "extra_info": "2 ar daugiau su –40%"
  },
  {
    "image_url": "https://cdn.barbora.lt/products/9b22bba7-8d04-4680-8665-0d2319d662e5_m.png",
    "title": "Plaukų kondicionierius SYOSS Intense Repair, 250 ml",
    "price": "7.49",
    "price_2": null,
    "extra_info": "2 ar daugiau su –40%"
  },
  {
    "image_url": "https://cdn.barbora.lt/products/235f73b1-74e4-4c93-8f41-7d46535e41e8_m.png",
    "title": "NIVEA kasdienis valomasis gelis-šveitiklis riebiai ir mišriai odai, 150 ml",
    "price": "2.79",
    "price_2": "18,6€/l",
    "extra_info": "–51%"
  },
  {
    "image_url": "https://cdn.barbora.lt/products/7412e281-39da-4f8d-80b3-651b8e099d3d_m.png",
    "title": "Moteriškos pėdkelnės ORI CONTROL BODY NERO, dydis 5, 40 den, 1 vnt.",
    "price": "2.84",
    "price_2": "2,84€/vnt.",
    "extra_info": "–50%"
  },
  {
    "image_url": "https://cdn.barbora.lt/products/ef5b840b-eab3-4188-8518-2de8ef77615d_m.png",
    "title": "Moteriškos pėdkelnės ORI TALIA 100 NERO 5 dydis",
    "price": "3.24",
    "price_2": "3,24€/vnt.",
    "extra_info": "–50%"
  },
  {
    "image_url": "https://cdn.barbora.lt/products/7850f46b-bf61-4336-8836-5e1a3b33eed5_m.png",
    "title": "Žemės riešutų aliejus BASSO, 500 ml",
    "price": "2.09",
    "price_2": "4,18€/l",
    "extra_info": "–40%"
  },
  {
    "image_url": "https://cdn.barbora.lt/products/948d4357-c7d3-4e4a-b2b9-955f4308c15c_m.png",
    "title": "Kukurūzų traškučiai SANTA MARIA, aitriųjų paprikų skonio, 185 g",
    "price": "2.59",
    "price_2": null,
    "extra_info": "2 ar daugiau su –50%"
  },
  {
    "image_url": "https://cdn.barbora.lt/products/0ea11994-edfc-4ab7-bfa3-083040248bde_m.png",
    "title": "Plaukų šampūnas HEAD&SHOULDERS Pro Expert 7 Persistent Dandruff, 250 ml",
    "price": "9.29",
    "price_2": null,
    "extra_info": "2 ar daugiau su –40%"
  },
  {
    "image_url": "https://cdn.barbora.lt/products/c8b245af-3ba1-4692-95b1-f6dbf0b332e5_m.png",
    "title": "AQUAFRESH dantų pasta Little Teeth (3-5m) 50 ml",
    "price": "2.39",
    "price_2": null,
    "extra_info": "2 ar daugiau su –40%"
  },
  {
    "image_url": "https://cdn.barbora.lt/products/14411206-bf7c-447e-b644-8ec2d58fe137_m.png",
    "title": "AQUAFRESH dantų pasta Big Teeth ( 6-8m)  50ml",
    "price": "2.39",
    "price_2": null,
    "extra_info": "2 ar daugiau su –40%"
  },
  {
    "image_url": "https://cdn.barbora.lt/products/1f8e0629-da2d-43f0-9c27-1a03dd5d86f0_m.png",
    "title": "ELSEVE šampūnas 250ml",
    "price": "5.39",
    "price_2": null,
    "extra_info": "2 ar daugiau su –40%"
  },
  {
    "image_url": "https://cdn.barbora.lt/products/ff03d655-1c11-4dfc-a334-c69c7236fe25_m.png",
    "title": "Plaukų kaukė SYOSS Intense Repair, 400ml",
    "price": "9.99",
    "price_2": null,
    "extra_info": "2 ar daugiau su –40%"
  },
  {
    "image_url": "https://cdn.barbora.lt/products/385d7f0e-6b68-43d5-a3cd-7aa25e1c288b_m.png",
    "title": "Vafliniai rageliai ledams BEN'S FAVOURITES, 73 g",
    "price": "2.19",
    "price_2": null,
    "extra_info": "2 ar daugiau su –25%"
  },
  {
    "image_url": "https://cdn.barbora.lt/products/4f7899fa-a50a-451d-af19-feff08939cfd_m.png",
    "title": "Vytintas kumpis JAMON SERRANO DUROC, nerūšinis gaminys, 100 g",
    "price": "4.99",
    "price_2": null,
    "extra_info": "2 ar daugiau su –20%"
  },
  {
    "image_url": "https://cdn.barbora.lt/products/598247e1-2982-4861-a05a-f532b2656341_m.png",
    "title": "NIVEA DERMA SKIN CLEAR MICELINIS VANDUO Į BĖRIMUS LINKUSIAI ODAI SU 5% SERUMO 400 ml",
    "price": "4.89",
    "price_2": "12,23€/l",
    "extra_info": "–51%"
  },
  {
    "image_url": "https://cdn.barbora.lt/products/c34588a4-ec43-4200-a714-a02f55609fa1_m.png",
    "title": "Plaukų aliejus AUSSIE Reconstructor, 100 ml",
    "price": "8.49",
    "price_2": null,
    "extra_info": "2 ar daugiau su –40%"
  },
  {
    "image_url": "https://cdn.barbora.lt/products/d604fb77-40e2-418f-bd57-0b6268a3a864_m.png",
    "title": "Mangų čatnis SANTA MARIA, 350 g",
    "price": "5.89",
    "price_2": null,
    "extra_info": "2 ar daugiau su –50%"
  },
  {
    "image_url": "https://cdn.barbora.lt/products/ecb4d307-7526-4da9-8be1-3dfa388a32a8_m.png",
    "title": "Satininė paklodė su guma 90x200+30cm, chaki",
    "price": "10.99",
    "price_2": null,
    "extra_info": "2 ar daugiau su –40%"
  },
  {
    "image_url": "https://cdn.barbora.lt/products/2aa1e243-6bd8-443d-8586-aab58982ab40_m.png",
    "title": "Paklodė, 220 x 240 cm",
    "price": "10.99",
    "price_2": null,
    "extra_info": "2 ar daugiau su –40%"
  },
  {
    "image_url": "https://cdn.barbora.lt/products/c9d91c0e-356d-4253-bf56-31c398981c29_m.png",
    "title": "Vyriškas purškiamasis dezodorantas REXONA COBALT, 150 ml",
    "price": "2.09",
    "price_2": "13,93€/l",
    "extra_info": "–51%"
  },
  {
    "image_url": "https://cdn.barbora.lt/products/93ab9e81-f62e-4701-8927-861501af1b1d_m.png",
    "title": "Vystyklas, 1 vnt.",
    "price": "2.09",
    "price_2": null,
    "extra_info": "2 ar daugiau su –40%"
  },
  {
    "image_url": "https://cdn.barbora.lt/products/01ed54b1-1ad9-46a2-9d62-804a81e16cf2_m.png",
    "title": "Vyriškas plaukų šampūnas SCHAUMA su apyniais, 400 ml",
    "price": "4.59",
    "price_2": null,
    "extra_info": "2 ar daugiau su –40%"
  },
  {
    "image_url": "https://cdn.barbora.lt/products/c7b230b5-76df-44ba-8e43-154536d02040_m.png",
    "title": "Plaukų lakas SYOSS Shine&Hold, 300 ml",
    "price": "8.19",
    "price_2": null,
    "extra_info": "2 ar daugiau su –40%"
  },
  {
    "image_url": "https://cdn.barbora.lt/products/0ad14764-fdb0-4f9e-80b2-13a6f7e0f6ed_m.png",
    "title": "Sausainiai DELICADEZA su cukrumi, 125 g",
    "price": "2.29",
    "price_2": null,
    "extra_info": "2 ar daugiau su –25%"
  },
  {
    "image_url": "https://cdn.barbora.lt/products/7ad116b5-4f75-428a-83e4-a56607c5e652_m.png",
    "title": "ECODENTA trejopo poveikio dantų pasta su baltuoju moliu ir propoliu 100 ml",
    "price": "5.29",
    "price_2": null,
    "extra_info": "2 ar daugiau su –40%"
  },
  {
    "image_url": "https://cdn.barbora.lt/products/50eee858-0ff9-40e0-b2b0-9f797f3a336a_m.png",
    "title": "Antklodė ELDORADO HOME, 200 x 220 cm, 1 vnt.",
    "price": "37.99",
    "price_2": null,
    "extra_info": "2 ar daugiau su –40%"
  },
  {
    "image_url": "https://cdn.barbora.lt/products/c97b0c37-2db5-42ab-865a-282831c0478f_m.png",
    "title": "Žalioji arbata BASILUR WHITE MOON, 100 g",
    "price": "5.99",
    "price_2": null,
    "extra_info": "2 ar daugiau su –25%"
  },
  {
    "image_url": "https://cdn.barbora.lt/products/fe6e6179-d8b6-42ee-97d9-327ff001392f_m.png",
    "title": "Žolelių arbata ŽVARBIO ARBATĖLĖ (nuo 9 mėn.), 20 vnt.",
    "price": "2.75",
    "price_2": null,
    "extra_info": "2 ar daugiau su –25%"
  },
  {
    "image_url": "https://cdn.barbora.lt/products/c3fcdca5-f0a2-41ed-856b-d5b113fd45f3_m.png",
    "title": "Burnos skalavimo skystis ORAL-B Pro-Expert Professional Protection, 500 ml",
    "price": "6.79",
    "price_2": null,
    "extra_info": "2 ar daugiau su –40%"
  },
  {
    "image_url": "https://cdn.barbora.lt/products/970e5f9f-f35b-42f9-b813-4654cea10d7d_m.png",
    "title": "Dažytų plaukų kondicionierius NIDA su gintaro ekstraktu, 150 ml",
    "price": "2.19",
    "price_2": null,
    "extra_info": "2 ar daugiau su –40%"
  },
  {
    "image_url": "https://cdn.barbora.lt/products/2bb4fab9-a6c1-459c-8b5c-056da0f2cb52_m.png",
    "title": "Plaukų balzamas GARNIER FRUCTIS, 200 ml",
    "price": "4.99",
    "price_2": null,
    "extra_info": "2 ar daugiau su –40%"
  },
  {
    "image_url": "https://cdn.barbora.lt/products/50b889d9-6358-491d-b600-51fac31fa3a3_m.png",
    "title": "Moteriška purškiamasis dezodorantas REXONA ACTIVE PROTECTION, 150 ml",
    "price": "2.09",
    "price_2": "13,93€/l",
    "extra_info": "–51%"
  },
  {
    "image_url": "https://cdn.barbora.lt/products/8f3ab4fd-ac7b-4517-888a-4d6e6e3c6f60_m.png",
    "title": "Kepintų javainių mišinys su sėlenų dribsniais BONA VITA, 500 g",
    "price": "2.54",
    "price_2": "5,08€/kg",
    "extra_info": "–25%"
  },
  {
    "image_url": "https://cdn.barbora.lt/products/4ba993ad-321f-4d4d-a8d8-d1830efb61db_m.png",
    "title": "Veido valomasis gelis-putos NEUTROGENA HYDRO BOOST, 200 ml",
    "price": "7.59",
    "price_2": "37,95€/l",
    "extra_info": "–30%"
  },
  {
    "image_url": "https://cdn.barbora.lt/products/4589aae4-c3d9-4db8-8147-17e6228693dc_m.png",
    "title": "Plaukų kondicionierius GREEN FEEL'S, 150 ml",
    "price": "2.99",
    "price_2": null,
    "extra_info": "2 ar daugiau su –40%"
  },
  {
    "image_url": "https://cdn.barbora.lt/products/c9fa3453-607d-454d-95a2-46290ae4b8bd_m.png",
    "title": "Plaukų šampūnas GREEN FEEL'S, 400 ml",
    "price": "4.49",
    "price_2": null,
    "extra_info": "2 ar daugiau su –40%"
  },
  {
    "image_url": "https://cdn.barbora.lt/products/3c5ff9e6-3520-44de-9305-9244605bc660_m.png",
    "title": "Plaukų kaukė GREEN FEEL'S, 200 ml",
    "price": "4.49",
    "price_2": null,
    "extra_info": "2 ar daugiau su –40%"
  },
  {
    "image_url": "https://cdn.barbora.lt/products/c9d166eb-a0ea-41bf-9f37-fb11f909223f_m.png",
    "title": "Žalioji arbata BASILUR (CEYLON GREEN), 50 g",
    "price": "2.09",
    "price_2": null,
    "extra_info": "2 ar daugiau su –25%"
  },
  {
    "image_url": "https://cdn.barbora.lt/products/5b7ff7ef-8305-4be6-b7e3-f103742c8a82_m.png",
    "title": "Mot. puskojinės IMMAGINE OLIVIA 40, vienas dydis, 2 vnt., 2 vnt.",
    "price": "1.49",
    "price_2": "0,75€/vnt.",
    "extra_info": "–50%"
  },
  {
    "image_url": "https://cdn.barbora.lt/products/c3a39949-3e12-4148-aa88-d74ffab63878_m.png",
    "title": "Vaikiškas šampūnas JOHNSON'S BABY BEDTIME, 500 ml",
    "price": "5.29",
    "price_2": null,
    "extra_info": "2 ar daugiau su –40%"
  },
  {
    "image_url": "https://cdn.barbora.lt/products/af41e1e4-358c-49dc-94f6-5e4b56f00f73_m.png",
    "title": "Plaukų šampūnas HEAD&SHOULDERS Deep Hydration 400 ml",
    "price": "8.49",
    "price_2": null,
    "extra_info": "2 ar daugiau su –40%"
  },
  {
    "image_url": "https://cdn.barbora.lt/products/ea311392-8f74-4f5e-9d72-fb7f4d647889_m.png",
    "title": "Juodoji Ceilono arbata IMPRA WILDBERRY, 100 g",
    "price": "3.29",
    "price_2": null,
    "extra_info": "2 ar daugiau su –25%"
  },
  {
    "image_url": "https://cdn.barbora.lt/products/6cd7b011-92d0-407c-9f5b-a883751958f8_m.png",
    "title": "Tonuojanti plaukų priemonė PALETTE DELUXE ASHY BLONDE, 150 ml",
    "price": "7.79",
    "price_2": null,
    "extra_info": "2 ar daugiau su –40%"
  },
  {
    "image_url": "https://cdn.barbora.lt/products/e85f83fc-d971-42e0-b94a-4f529be8b8df_m.png",
    "title": "Plaukų putos NIVEA, 150 ml",
    "price": "3.59",
    "price_2": "23,93€/l",
    "extra_info": "–50%"
  },
  {
    "image_url": "https://cdn.barbora.lt/products/659c154a-ead1-444a-b108-c4c8cf978786_m.png",
    "title": "Prieskonių mišinys SANTA MARIA su pomidorais ir žolelėmis, 69 g",
    "price": "5.59",
    "price_2": null,
    "extra_info": "2 ar daugiau su –50%"
  },
  {
    "image_url": "https://cdn.barbora.lt/products/9ebdc46d-5b12-46dc-b81a-a3cb0a19907f_m.png",
    "title": "Vaikiškos sportinės kojinės, PUMA, 3 poros, 35-38 dydis",
    "price": "7.99",
    "price_2": null,
    "extra_info": "2 ar daugiau su –40%"
  },
  {
    "image_url": "https://cdn.barbora.lt/products/9f62b1c9-75d2-49e9-b11c-ae017774d06f_m.png",
    "title": "Dantų pasta BLEND A MED 3D WHITE Cool Water, 75ml",
    "price": "2.79",
    "price_2": null,
    "extra_info": "2 ar daugiau su –40%"
  },
  {
    "image_url": "https://cdn.barbora.lt/products/437b0032-c72b-4524-925c-be92cd01fe42_m.png",
    "title": "Dantų pasta BLEND A MED 3D WHITE Charcoal, 75ml",
    "price": "2.79",
    "price_2": null,
    "extra_info": "2 ar daugiau su –40%"
  },
  {
    "image_url": "https://cdn.barbora.lt/products/8152183f-78c9-4250-b81c-06903d32073b_m.png",
    "title": "Vyriškos skutimosi putos NIVEA SENSITIVE PRO ULTRA CALMING, 200 ml",
    "price": "3.15",
    "price_2": "15,75€/l",
    "extra_info": "–50%"
  },
  {
    "image_url": "https://cdn.barbora.lt/products/0c5e4212-9fcf-45f6-b443-54efd39c504c_m.png",
    "title": "Plaukų kondicionierius SCHAUMA REPAIR&CARE, 250 ml",
    "price": "3.69",
    "price_2": null,
    "extra_info": "2 ar daugiau su –40%"
  },
  {
    "image_url": "https://cdn.barbora.lt/products/88372205-03c7-41e9-90a4-583b849b0353_m.png",
    "title": "Dantų šepetėliai ORAL-B ROUNDER BLACK, 3 vnt., 3 vnt.",
    "price": "4.49",
    "price_2": null,
    "extra_info": "2 ar daugiau su –40%"
  },
  {
    "image_url": "https://cdn.barbora.lt/products/524c4b4d-bad5-4b9a-b291-e61e288d87f0_m.png",
    "title": "Biri žalioji arbata EXTRA LINE, 80 g",
    "price": "0.44",
    "price_2": null,
    "extra_info": "2 ar daugiau su –25%"
  },
  {
    "image_url": "https://cdn.barbora.lt/products/8f239356-9350-400d-8d56-de0867de477f_m.png",
    "title": "Ekologiška biri japoniška žalioji arbata MOYA SENCHA NO. 21, 60 g",
    "price": "11.49",
    "price_2": null,
    "extra_info": "2 ar daugiau su –25%"
  },
  {
    "image_url": "https://cdn.barbora.lt/products/ee880be4-a540-4e73-b568-7d1995f69e8b_m.png",
    "title": "NIVEA MEN Black & White Invisible pieštukinis antiperspirantas Original vyrams, 50 ml",
    "price": "2.69",
    "price_2": "53,8€/l",
    "extra_info": "–50%"
  },
  {
    "image_url": "https://cdn.barbora.lt/products/2434f608-ec0d-42a7-a897-493ca6d3f842_m.png",
    "title": "Žuvies prieskoniai su krapais SANTA MARIA be pridėt. druskos, 23 g",
    "price": "2.29",
    "price_2": null,
    "extra_info": "2 ar daugiau su –50%"
  },
  {
    "image_url": "https://cdn.barbora.lt/products/b71a1f7d-22b0-4bb0-8fe4-9070f1c76b95_m.png",
    "title": "NIVEA gaivinamasis veido prausimo gelis normaliai ir mišriai odai, 150 ml",
    "price": "2.79",
    "price_2": "18,6€/l",
    "extra_info": "–51%"
  },
  {
    "image_url": "https://cdn.barbora.lt/products/0242b242-d206-4af4-a1f2-302eb3f43956_m.png",
    "title": "Moteriškas purškiamasis dezodorantas REXONA INVISIBLE ON B&W, 200 ml",
    "price": "2.99",
    "price_2": "14,95€/l",
    "extra_info": "–50%"
  },
  {
    "image_url": "https://cdn.barbora.lt/products/5a5b100c-f088-4f4b-ae3f-3afee827c1dd_m.png",
    "title": "RASA HAIR HYDRO INTENSE SYSTEM Drėkinamasis plaukų kondicionierius 200 ml",
    "price": "6.99",
    "price_2": null,
    "extra_info": "2 ar daugiau su –40%"
  },
  {
    "image_url": "https://cdn.barbora.lt/products/aca541b4-56cf-47b4-9bfe-c385994b26e0_m.png",
    "title": "FORCEFIVE išrūgų baltymai, sausainių ir grietinėlės skonio, 700 g",
    "price": "13.99",
    "price_2": "19,99€/kg",
    "extra_info": "–20%"
  },
  {
    "image_url": "https://cdn.barbora.lt/products/7be6cdf0-c1a5-4559-a39b-952895763ae6_m.png",
    "title": "Vaikiškos dušo putos O'LYSEE, obuolių ir kriaušių kvapo, 250 ml",
    "price": "9.89",
    "price_2": null,
    "extra_info": "2 ar daugiau su –40%"
  },
  {
    "image_url": "https://cdn.barbora.lt/products/6add8b57-758c-4f4b-9343-c8843576da64_m.png",
    "title": "Sausainiai su saldikliu ORE LIETE CUOR DI NATURA GRIGLIETTE, 200 g",
    "price": "1.99",
    "price_2": null,
    "extra_info": "2 ar daugiau su –25%"
  },
  {
    "image_url": "https://cdn.barbora.lt/products/90578b56-1f58-45d0-9d8f-a751dba3f30b_m.png",
    "title": "Juodoji arbata TWININGS LADY GREY, 100 g",
    "price": "6.29",
    "price_2": null,
    "extra_info": "2 ar daugiau su –25%"
  },
  {
    "image_url": "https://cdn.barbora.lt/products/df1ad847-c546-494d-81d3-5ec50b7c4afc_m.png",
    "title": "ELSEVE Hyaluron Plump šampūnas, 1L",
    "price": "17.99",
    "price_2": null,
    "extra_info": "2 ar daugiau su –40%"
  },
  {
    "image_url": "https://cdn.barbora.lt/products/94bb6580-6e89-4fb8-90a7-ef91ba2a2f6c_m.png",
    "title": "Arbata LOYD HOT&COLD, juodųjų serbentų ir kinrožės skonio, 30 g",
    "price": "2.99",
    "price_2": null,
    "extra_info": "2 ar daugiau su –25%"
  },
  {
    "image_url": "https://cdn.barbora.lt/products/ddd5ee83-8c21-4ac3-b73e-43183f695b37_m.png",
    "title": "Šampūnas SYOSS Intense Anti-Dandruff, 750ml",
    "price": "11.69",
    "price_2": null,
    "extra_info": "2 ar daugiau su –40%"
  },
  {
    "image_url": "https://cdn.barbora.lt/products/7721a0cd-c5e1-4bb8-beb8-83dbe061c687_m.png",
    "title": "Juodoji arbata CEYLON WELL DONE, 100 g",
    "price": "2.69",
    "price_2": null,
    "extra_info": "2 ar daugiau su –25%"
  },
  {
    "image_url": "https://cdn.barbora.lt/products/46ed3661-8af9-4e40-becd-1b58c3fe217d_m.png",
    "title": "Šaltalankių uogų arbata MASHIE, 500 ml",
    "price": "8.99",
    "price_2": null,
    "extra_info": "2 ar daugiau su –25%"
  },
  {
    "image_url": "https://cdn.barbora.lt/products/8c6564a3-3072-432d-8cae-c198e68a5f18_m.png",
    "title": "Šunų kramtalai LOVETT 45g (mažų veislių)",
    "price": "0.69",
    "price_2": "15,33€/kg",
    "extra_info": "–30%"
  },
  {
    "image_url": "https://cdn.barbora.lt/products/cef7d08a-2a7e-4544-a0fb-302b0e147ef1_m.png",
    "title": "Dantų pasta ORAL-B Pro Expert Advanced, Deep Clean, 75 ml",
    "price": "6.29",
    "price_2": null,
    "extra_info": "2 ar daugiau su –40%"
  },
  {
    "image_url": "https://cdn.barbora.lt/products/ea55c7e6-a0d8-4c13-a9fc-671ff06744d8_m.png",
    "title": "Saldus korėjietiškas BBQ padažas SANTA MARIA, 250 ml",
    "price": "4.19",
    "price_2": null,
    "extra_info": "2 ar daugiau su –50%"
  },
  {
    "image_url": "https://cdn.barbora.lt/products/d2b55ecd-ff9c-4f69-a521-1e4415dcec89_m.png",
    "title": "Moteriškos puskojinės ORI LAURA 50, one size, nero/white spots",
    "price": "1.59",
    "price_2": "1,59€/vnt.",
    "extra_info": "–50%"
  },
  {
    "image_url": "https://cdn.barbora.lt/products/60c4288f-43b2-4f33-816a-5ba641faafe9_m.png",
    "title": "Kisielius KLINGAI, mėlynių skonio, su saldikliu, 100 g",
    "price": "1.11",
    "price_2": "11,1€/kg",
    "extra_info": "–26%"
  },
  {
    "image_url": "https://cdn.barbora.lt/products/5c1e3e15-2b6e-465d-b79d-55334645fbfd_m.png",
    "title": "Satininė paklodė su guma 180x200+30cm,š.ruda",
    "price": "16.99",
    "price_2": null,
    "extra_info": "2 ar daugiau su –40%"
  },
  {
    "image_url": "https://cdn.barbora.lt/products/15325268-3e6b-4676-bd38-72df03ae6b38_m.png",
    "title": "NIVEA Q10 ANTI-WRINKLE POWER STANGRINAMASIS DIENINIS KREMAS SU SPF15, 50 ml",
    "price": "9.99",
    "price_2": "199,8€/l",
    "extra_info": "–50%"
  },
  {
    "image_url": "https://cdn.barbora.lt/products/1bf0a4e5-e40b-4eeb-a0ac-174b8dfa8fcc_m.png",
    "title": "Plaukų šampūnas GLISS Ultimate Color, 250 ml",
    "price": "4.79",
    "price_2": null,
    "extra_info": "2 ar daugiau su –40%"
  },
  {
    "image_url": "https://cdn.barbora.lt/products/deb0df19-4756-4bbb-9204-5fbd6a0dc1dd_m.png",
    "title": "Kūdikių dušo gelis BUBCHEN, 400 ml",
    "price": "8.79",
    "price_2": null,
    "extra_info": "2 ar daugiau su –40%"
  },
  {
    "image_url": "https://cdn.barbora.lt/products/8d6df707-689f-4714-a80d-34ed9598a286_m.png",
    "title": "Dantų pasta BLANX CLASSIC ADVANCE WHITENING, 75 ml",
    "price": "7.69",
    "price_2": null,
    "extra_info": "2 ar daugiau su –40%"
  },
  {
    "image_url": "https://cdn.barbora.lt/products/9ebd5752-3454-4932-a65c-ae068805974e_m.png",
    "title": "Moteriškos pėdkelnės IMMAGINE MARLEN 40, 4 dydis, 1 vnt.",
    "price": "2.09",
    "price_2": "2,09€/vnt.",
    "extra_info": "–50%"
  },
  {
    "image_url": "https://cdn.barbora.lt/products/f56b31e3-5ba5-4af6-8c07-9cab7061e77e_m.png",
    "title": "SYOSS STRONG plaukų lakas 300ml",
    "price": "8.19",
    "price_2": null,
    "extra_info": "2 ar daugiau su –40%"
  },
  {
    "image_url": "https://cdn.barbora.lt/products/941b93f7-49c5-461d-a0e5-63203909b3b8_m.png",
    "title": "Burnos skalavimo skystis LISTERINE TOTAL, 500 ml",
    "price": "8.49",
    "price_2": null,
    "extra_info": "2 ar daugiau su –40%"
  },
  {
    "image_url": "https://cdn.barbora.lt/products/91162331-729a-4398-be41-0cb57135465a_m.png",
    "title": "Moteriškos pėdkelnės ORI  CONFORTFIT 40,3,NERO,TI,4",
    "price": "2.74",
    "price_2": "2,74€/vnt.",
    "extra_info": "–50%"
  },
  {
    "image_url": "https://cdn.barbora.lt/products/4b17807a-d359-48f2-9fb9-3ecbf57afb7f_m.png",
    "title": "Higieniai įklotai CAREFREE COTTON FRESH, 76 vnt.",
    "price": "4.49",
    "price_2": "0,06€/vnt.",
    "extra_info": "–31%"
  },
  {
    "image_url": "https://cdn.barbora.lt/products/cfc6451f-0541-4c2a-b9d1-49aca67d0719_m.png",
    "title": "Dantų šepetėlis SENSODYNE COMPLETE PROTECTION SOFT, 1 vnt.",
    "price": "4.79",
    "price_2": null,
    "extra_info": "2 ar daugiau su –40%"
  },
  {
    "image_url": "https://cdn.barbora.lt/products/b1ffcfc8-7802-4b55-8155-789a4f61240c_m.png",
    "title": "Burnos skalavimo skystis COLGATE PLAX HERBAL FRESH, 500 ml",
    "price": "7.39",
    "price_2": null,
    "extra_info": "2 ar daugiau su –40%"
  },
  {
    "image_url": "https://cdn.barbora.lt/products/8fd71eb0-db73-427c-bf2a-cc1a87df0be2_m.png",
    "title": "PRESTO biri žalioji matė, 90 g",
    "price": "1.99",
    "price_2": null,
    "extra_info": "2 ar daugiau su –25%"
  },
  {
    "image_url": "https://cdn.barbora.lt/products/6a58fab1-7bfe-46ea-9cdc-ffe6a4ae28e3_m.png",
    "title": "Moteriškos pėdkelnės ORI  Attiva Body 40den 5 nero",
    "price": "1.99",
    "price_2": "1,99€/vnt.",
    "extra_info": "–50%"
  },
  {
    "image_url": "https://cdn.barbora.lt/products/039a5b59-3564-4fc9-8714-095e8fa47115_m.png",
    "title": "NIVEA dieninis atkuriantis kremas visų tipų odai +55, 50 ml",
    "price": "5.59",
    "price_2": "111,8€/l",
    "extra_info": "–50%"
  },
  {
    "image_url": "https://cdn.barbora.lt/products/ef19ac4b-8619-4814-833a-de5ba8c6bd91_m.png",
    "title": "Moteriškos pėdkelnės  ORI Cristal20, 4,nero",
    "price": "1.84",
    "price_2": "1,84€/vnt.",
    "extra_info": "–50%"
  },
  {
    "image_url": "https://cdn.barbora.lt/products/2152bafe-2718-4bf5-af47-7a1009409b71_m.png",
    "title": "Drėkinamasis veido kremas NEUTROGENA CLEAR&DEFEND, 50 ml",
    "price": "5.15",
    "price_2": "103€/l",
    "extra_info": "–30%"
  },
  {
    "image_url": "https://cdn.barbora.lt/products/e846f67e-ea20-4bef-976f-35d042217ab7_m.png",
    "title": "Žvėrienos prieskoniai SANTA MARIA, 220 g",
    "price": "5.89",
    "price_2": null,
    "extra_info": "2 ar daugiau su –50%"
  },
  {
    "image_url": "https://cdn.barbora.lt/products/53b9be8e-23c4-45d7-878f-1fb51cb1d6fa_m.png",
    "title": "Arbata POSTI Premium čiobrelių žolė, 30 g",
    "price": "1.59",
    "price_2": null,
    "extra_info": "2 ar daugiau su –25%"
  },
  {
    "image_url": "https://cdn.barbora.lt/products/efba3279-4198-4805-a617-ae40c4300810_m.png",
    "title": "Vaisinė arbata PRESTO (SPANGUOLĖ), 90 g",
    "price": "2.19",
    "price_2": null,
    "extra_info": "2 ar daugiau su –25%"
  },
  {
    "image_url": "https://cdn.barbora.lt/products/49a3d327-bfd7-4242-a3fe-a8dfd961f9e9_m.png",
    "title": "Vafliukai SELGA, vanilės skonio, 250 g",
    "price": "3.59",
    "price_2": null,
    "extra_info": "2 ar daugiau su –25%"
  },
  {
    "image_url": "https://cdn.barbora.lt/products/8569368c-b76e-4eb3-8264-60394084ca11_m.png",
    "title": "Juodoji Ceilono arbata IMPRA ROYAL ELIXIER KNIGHT, 200 g",
    "price": "9.99",
    "price_2": null,
    "extra_info": "2 ar daugiau su –25%"
  },
  {
    "image_url": "https://cdn.barbora.lt/products/c085a67e-9518-4cf8-9af8-c385ba70f7ea_m.png",
    "title": "Žolelių arbata ŽOLYNĖLIS su kanapių lapais, 50 g",
    "price": "2.49",
    "price_2": null,
    "extra_info": "2 ar daugiau su –25%"
  },
  {
    "image_url": "https://cdn.barbora.lt/products/1af343fe-87b4-4a67-bb4e-79bf0364131c_m.png",
    "title": "Plaukų šampūnas SCHAUMA CLEAN&FRESH, 400 ml",
    "price": "4.59",
    "price_2": null,
    "extra_info": "2 ar daugiau su –40%"
  },
  {
    "image_url": "https://cdn.barbora.lt/products/81170915-383a-4629-a752-49c71cbd3749_m.png",
    "title": "Jūrų dumblių aštrios salotos, 350 g",
    "price": "2.59",
    "price_2": "7,4€/kg",
    "extra_info": "–21%"
  },
  {
    "image_url": "https://cdn.barbora.lt/products/86ad3071-8fa3-484f-8b52-421fd61e4e9b_m.png",
    "title": "NIVEA Rose Touch valomosios veido putos su organiniu rožių vandeniu, 150 ml",
    "price": "3.89",
    "price_2": "25,93€/l",
    "extra_info": "–51%"
  },
  {
    "image_url": "https://cdn.barbora.lt/products/5554a5f1-ef01-47a7-b0a7-f2dff4ec7e4d_m.png",
    "title": "Drėkinamasis kūno kremas NIVEA FAMILY CARE ALL PURPOSE, 450 ml",
    "price": "4.99",
    "price_2": "11,09€/l",
    "extra_info": "–50%"
  },
  {
    "image_url": "https://cdn.barbora.lt/products/6bee57ee-66e2-43b6-bb9a-7cc0a9878e45_m.png",
    "title": "Vafliniai batonėliai REESE’S STICKS, 42 g",
    "price": "1.89",
    "price_2": null,
    "extra_info": "2 ar daugiau su –25%"
  },
  {
    "image_url": "https://cdn.barbora.lt/products/feacd65e-6f7a-4dcf-ace6-f62cdcf27aaf_m.png",
    "title": "Vyriškas rutulinis antiperspirantas REXONA SPORT DEFENCE, 50 ml",
    "price": "2.09",
    "price_2": "41,8€/l",
    "extra_info": "–51%"
  },
  {
    "image_url": "https://cdn.barbora.lt/products/b994f8f7-6178-414f-a775-93c00364d5de_m.png",
    "title": "Plombyras WELL DONE su sausainiais, spragėsių skonio, 90 g",
    "price": "1.69",
    "price_2": null,
    "extra_info": "2 už 1,99€"
  },
  {
    "image_url": "https://cdn.barbora.lt/products/819c3246-b9e7-4aed-bc50-5e175a9a6428_m.png",
    "title": "NIVEA Pearl & Beauty pieštukinis antiperspirantas moterims, 50 ml",
    "price": "2.69",
    "price_2": "53,8€/l",
    "extra_info": "–50%"
  },
  {
    "image_url": "https://cdn.barbora.lt/products/e42cd200-73dc-4f38-9cbb-71c7968337f3_m.png",
    "title": "Lazdelės su sausainių skonio glaistu POCKY, 40 g",
    "price": "2.59",
    "price_2": null,
    "extra_info": "2 ar daugiau su –25%"
  },
  {
    "image_url": "https://cdn.barbora.lt/products/e5fc12bf-5ae6-44c9-9935-9c966bd8374a_m.png",
    "title": "Skalbiamieji milteliai PERSIL EXPERT SENSITIVE, 18 skalb., 990 g",
    "price": "5.29",
    "price_2": "5,34€/kg",
    "extra_info": "–40%"
  },
  {
    "image_url": "https://cdn.barbora.lt/products/accbc3a2-c130-4dd7-b45f-9cd64718a48a_m.png",
    "title": "Dantų pasta Lacalut fluorid fresh, 75 ml",
    "price": "2.49",
    "price_2": "33,2€/l",
    "extra_info": "–35%"
  },
  {
    "image_url": "https://cdn.barbora.lt/products/265940ef-4793-4567-88b8-3b8c3a9ec854_m.png",
    "title": "Plaukų kondicionierius PANTENE Hydra Glow Miracles, 160 ml",
    "price": "6.99",
    "price_2": null,
    "extra_info": "2 ar daugiau su –40%"
  },
  {
    "image_url": "https://cdn.barbora.lt/products/acea07c9-3827-408f-a511-43cd22d57b92_m.png",
    "title": "Vytinta ispaniška nugarinė ESPANA IBERICO, nerūš., 80 g",
    "price": "4.69",
    "price_2": null,
    "extra_info": "2 ar daugiau su –20%"
  },
  {
    "image_url": "https://cdn.barbora.lt/products/ca0ac9bb-df4b-456f-90dc-902b28e87c9e_m.png",
    "title": "Higieniniai įklotai CAREFREE COTTON, 20 vnt.",
    "price": "1.65",
    "price_2": "0,08€/vnt.",
    "extra_info": "–31%"
  },
  {
    "image_url": "https://cdn.barbora.lt/products/11031094-8768-436c-a419-fdcc8e822b32_m.png",
    "title": "Dušo gelis ir šampūnas PAW PATROL SKYE 2IN1, 400 ml",
    "price": "7.99",
    "price_2": null,
    "extra_info": "2 ar daugiau su –40%"
  },
  {
    "image_url": "https://cdn.barbora.lt/products/6fc3014e-32f2-4797-95ce-1b60559ff0cb_m.png",
    "title": "K. r. vyt. KABANOS dešrelės su aitr. papr. WELL DONE, nerūš., 120 g",
    "price": "1.49",
    "price_2": "12,42€/kg",
    "extra_info": "–29%"
  },
  {
    "image_url": "https://cdn.barbora.lt/products/35ab1ae5-32a9-40ef-9d95-621268ef7c61_m.png",
    "title": "ECODENTA dantenas sauganti dantų pasta su arbatmedžio aliejumi 100 ml",
    "price": "6.35",
    "price_2": null,
    "extra_info": "2 ar daugiau su –40%"
  },
  {
    "image_url": "https://cdn.barbora.lt/products/1ded12c7-cb76-45fb-b8ad-66b9f41d7aff_m.png",
    "title": "Ekologiškas obuolių sidro actas su medumi DETOX, 500 ml",
    "price": "2.99",
    "price_2": "5,98€/l",
    "extra_info": "–21%"
  },
  {
    "image_url": "https://cdn.barbora.lt/products/6139996d-c5d7-4606-9f40-daa46fdaaf78_m.png",
    "title": "Sausainiai BIRTHDAY CAKE OREO, 97 g",
    "price": "2.49",
    "price_2": null,
    "extra_info": "2 ar daugiau su –25%"
  },
  {
    "image_url": "https://cdn.barbora.lt/products/fc3e2783-a367-4678-8de9-08bdbd1f56c8_m.png",
    "title": "Vyno acto kremas ANDREA MILANO su česnakais ir rozmarinais, 150 ml",
    "price": "1.69",
    "price_2": "11,27€/l",
    "extra_info": "–32%"
  },
  {
    "image_url": "https://cdn.barbora.lt/products/5e7da53c-a733-437b-886d-b7caf7130c0b_m.png",
    "title": "Gaivusis gėrimas FANTA TUTTI FRUTTI ZERO, 500 ml",
    "price": "1.29",
    "price_2": null,
    "extra_info": "2 už 1,89€"
  },
  {
    "image_url": "https://cdn.barbora.lt/products/5788c87b-1639-45d6-a596-fb2a338e16af_m.png",
    "title": "SENSODYNE dantų pasta Clinical White 75 ml",
    "price": "9.99",
    "price_2": null,
    "extra_info": "2 ar daugiau su –40%"
  },
  {
    "image_url": "https://cdn.barbora.lt/products/585129c2-20c8-4b4d-869a-b8994796eae0_m.png",
    "title": "Karštai rūkytos auksaspalvės dorados, išdarinėtos, 1 kg",
    "price": "15.99",
    "price_2": "15,99€/kg",
    "extra_info": "–20%"
  },
  {
    "image_url": "https://cdn.barbora.lt/products/12240785-402b-429a-bd9d-be321966d44c_m.png",
    "title": "Purškiamas balzaminis modenos actas ANDREA MILANO, 250 ml",
    "price": "2.25",
    "price_2": "9€/l",
    "extra_info": "–25%"
  },
  {
    "image_url": "https://cdn.barbora.lt/products/14c6fa48-c35f-4817-b847-72975ee226c1_m.png",
    "title": "NIVEA dušo želė Derma Control Defend 500 ml",
    "price": "3.39",
    "price_2": "6,78€/l",
    "extra_info": "–51%"
  },
  {
    "image_url": "https://cdn.barbora.lt/products/ebd2ffe7-116e-4f4f-86f0-029bb3153baf_m.png",
    "title": "Club 4 Paws Premium visavertis sausas pašaras mažų veislių suaugusiems šunims su antiena, 2 kg",
    "price": "4.99",
    "price_2": "2,5€/kg",
    "extra_info": "–35%"
  },
  {
    "image_url": "https://cdn.barbora.lt/products/ff415447-f314-4c15-9982-eee5c834eff6_m.png",
    "title": "Vais. arbatos gėrimas LOYD, imbierų ir medaus sk., 50 x 2 g, 100 g",
    "price": "5.39",
    "price_2": null,
    "extra_info": "2 ar daugiau su –25%"
  },
  {
    "image_url": "https://cdn.barbora.lt/products/5ee6c7d1-5436-4d6b-b239-2b9ea0aee26c_m.png",
    "title": "Kokosinis keksas BALVITEN be glitimo, 220 g",
    "price": "3.99",
    "price_2": "18,13€/kg",
    "extra_info": "–20%"
  },
  {
    "image_url": "https://cdn.barbora.lt/products/1dc0c4c9-d522-4510-a186-e35f60887cda_m.png",
    "title": "Satininė paklodė su guma 200x200+30cm dr.kaulo",
    "price": "17.99",
    "price_2": null,
    "extra_info": "2 ar daugiau su –40%"
  },
  {
    "image_url": "https://cdn.barbora.lt/products/09dfb878-1680-48d9-a1fb-d2b1e9b63c3b_m.png",
    "title": "Jūrų dumblių salotos su morkomis, 350 g",
    "price": "2.59",
    "price_2": "7,4€/kg",
    "extra_info": "–21%"
  },
  {
    "image_url": "https://cdn.barbora.lt/products/64ddb1ea-e73c-430d-8a7b-ae984b5264e5_m.png",
    "title": "Ypač švelnus alyvuogių aliejus BORGES EXTRA LIGHT, 500 ml",
    "price": "6.49",
    "price_2": "12,98€/l",
    "extra_info": "–29%"
  },
  {
    "image_url": "https://cdn.barbora.lt/products/a623ec0e-e999-4ce5-b59d-74411f59eb8a_m.png",
    "title": "Dažomasis plaukų kremas SYOSS, Nr. 1-1, 1 vnt.",
    "price": "8.99",
    "price_2": null,
    "extra_info": "2 ar daugiau su –40%"
  },
  {
    "image_url": "https://cdn.barbora.lt/products/539fe784-dc97-4eab-92f7-cff1f41b5b1d_m.png",
    "title": "Dantų pasta COLGATE MAX WHITE ONE, 75 ml",
    "price": "6.99",
    "price_2": null,
    "extra_info": "2 ar daugiau su –40%"
  },
  {
    "image_url": "https://cdn.barbora.lt/products/1069391d-3e1c-4e5a-86d4-f48f9c379ffe_m.png",
    "title": "Stiprios fiksacijos plaukų lakas PROFESSIONAL, 75 ml",
    "price": "1.69",
    "price_2": null,
    "extra_info": "2 ar daugiau su –40%"
  },
  {
    "image_url": "https://cdn.barbora.lt/products/18b6f73b-7c57-40fa-8871-66b9d14fea55_m.png",
    "title": "GINTARINIAI visų grūdo dalių spagečiai, 400 g",
    "price": "0.64",
    "price_2": "1,6€/kg",
    "extra_info": "–35%"
  },
  {
    "image_url": "https://cdn.barbora.lt/products/c595a9bc-dac4-4653-ac7a-b093cec2006d_m.png",
    "title": "Plaukų putos SYOSS Keratin, 250 ml",
    "price": "8.19",
    "price_2": null,
    "extra_info": "2 ar daugiau su –40%"
  },
  {
    "image_url": "https://cdn.barbora.lt/products/69456a4d-11c0-4359-a5fb-e73b05b0945d_m.png",
    "title": "Moteriškos pėdkelnės IMMAGINE Italiana Confort40, 5,nero",
    "price": "1.54",
    "price_2": "1,54€/vnt.",
    "extra_info": "–50%"
  },
  {
    "image_url": "https://cdn.barbora.lt/products/8ac353e4-e69e-4a7b-ae38-c5447565aee5_m.png",
    "title": "Vaikiškas dantų šepetėlis HUMBLE BRUSH (rausvas), 1 vnt.",
    "price": "4.09",
    "price_2": null,
    "extra_info": "2 ar daugiau su –40%"
  },
  {
    "image_url": "https://cdn.barbora.lt/products/5feaa2fe-8c46-461f-9216-0855a9e064a9_m.png",
    "title": "Dantų šepetėlis COLGATE SLIM SOFT WHITE, 1 vnt.",
    "price": "4.69",
    "price_2": null,
    "extra_info": "2 ar daugiau su –40%"
  },
  {
    "image_url": "https://cdn.barbora.lt/products/ef6bdc29-c3bb-428a-8491-98ab19de13c0_m.png",
    "title": "Kukurūzų traškučiai SANTA MARIA TEX MEX su Chalapos paprik., 185 g",
    "price": "2.59",
    "price_2": null,
    "extra_info": "2 ar daugiau su –50%"
  },
  {
    "image_url": "https://cdn.barbora.lt/products/2f1e962e-d206-4e23-98f4-10e9439ecb5b_m.png",
    "title": "Moteriškos pėdkelnės IMMAGINE LOLA 40, 5 dydis, 1 vnt.",
    "price": "1.44",
    "price_2": "1,44€/vnt.",
    "extra_info": "–50%"
  },
  {
    "image_url": "https://cdn.barbora.lt/products/ff49e69d-573d-45cd-8703-a41324414a16_m.png",
    "title": "Dantų pasta ELMEX OPTI-NAMEL PROFESSIONAL, 75 ml",
    "price": "9.49",
    "price_2": null,
    "extra_info": "2 ar daugiau su –40%"
  },
  {
    "image_url": "https://cdn.barbora.lt/products/0743fad8-f7ff-4d13-a00f-cd0d98ae4d60_m.png",
    "title": "Dažomasis plaukų šaknų purškiklis SYOSS ROOT, tamsiai ruda, 120 ml",
    "price": "9.29",
    "price_2": null,
    "extra_info": "2 ar daugiau su –40%"
  },
  {
    "image_url": "https://cdn.barbora.lt/products/a263aaad-d14d-4f00-b767-1cb5f73d5cf6_m.png",
    "title": "Burnos skalavimo skystis ELMEX CARIES PROTECTION, 400 ml",
    "price": "10.69",
    "price_2": null,
    "extra_info": "2 ar daugiau su –40%"
  },
  {
    "image_url": "https://cdn.barbora.lt/products/38a4de63-9bed-4d7d-af71-d20e08eae2dd_m.png",
    "title": "NIVEA naktinis atkuriantis kremas visų tipų odai +55, 50 ml",
    "price": "5.59",
    "price_2": "111,8€/l",
    "extra_info": "–50%"
  },
  {
    "image_url": "https://cdn.barbora.lt/products/9b3def0b-dfa0-4e05-8ca7-915dbbc2dcc6_m.png",
    "title": "Moteriškos pėdkelnės ORI Power Slim 100den 3 dydis nero",
    "price": "3.74",
    "price_2": "3,74€/vnt.",
    "extra_info": "–50%"
  },
  {
    "image_url": "https://cdn.barbora.lt/products/854ae8f0-1a04-4f6d-93d4-544ec908e4a8_m.png",
    "title": "STIPRI KLASIKINĖ juodojii arbata, 70 g",
    "price": "1.99",
    "price_2": null,
    "extra_info": "2 ar daugiau su –25%"
  },
  {
    "image_url": "https://cdn.barbora.lt/products/d0786115-98c3-466e-bb41-abee1144f59d_m.png",
    "title": "Marliniai vystyklai KORLĖJA, 3 vnt., 3 vnt.",
    "price": "6.79",
    "price_2": null,
    "extra_info": "2 ar daugiau su –40%"
  },
  {
    "image_url": "https://cdn.barbora.lt/products/9a7ea18b-4091-4b47-982f-78665b3e2315_m.png",
    "title": "Pu-erh arbata PRESTO (SU SVARAINIAIS), 80 g",
    "price": "2.29",
    "price_2": null,
    "extra_info": "2 ar daugiau su –25%"
  },
  {
    "image_url": "https://cdn.barbora.lt/products/efdccf1e-a110-4695-b334-b41f856d5498_m.png",
    "title": "Žalioji Ceilono arbata IMPRA GREEN, 200 g",
    "price": "9.99",
    "price_2": null,
    "extra_info": "2 ar daugiau su –25%"
  },
  {
    "image_url": "https://cdn.barbora.lt/products/2f8f467c-b846-4105-b84a-e0a3fedf9540_m.png",
    "title": "Dantų šepetėlis LACALUT FLORA, 1 vnt.",
    "price": "2.09",
    "price_2": "2,09€/vnt.",
    "extra_info": "–36%"
  },
  {
    "image_url": "https://cdn.barbora.lt/products/77c3bf9e-bc2b-4917-8a58-61be1aa4bd3a_m.png",
    "title": "Ekstruduotų javų pagalvėlės BONA VITA su kokosų įdaru, 250 g",
    "price": "1.64",
    "price_2": "6,56€/kg",
    "extra_info": "–25%"
  },
  {
    "image_url": "https://cdn.barbora.lt/products/9f21034f-247e-4409-ad4b-0a9760ed84d1_m.png",
    "title": "Plaukų lakas GOT2BE Glued, 300 ml",
    "price": "9.49",
    "price_2": null,
    "extra_info": "2 ar daugiau su –40%"
  },
  {
    "image_url": "https://cdn.barbora.lt/products/624e2f70-afd6-4a1c-a893-ba2ff565b907_m.png",
    "title": "Makaronų padažas FELIX su mėsa, 360 g",
    "price": "2.46",
    "price_2": "6,83€/kg",
    "extra_info": "–25%"
  },
  {
    "image_url": "https://cdn.barbora.lt/products/d9f8b6a6-f183-47db-87c4-331f263ee404_m.png",
    "title": "Vyriškos skutimosi putos NIVEA MEN FRESH KICK, 200 ml",
    "price": "2.69",
    "price_2": "13,45€/l",
    "extra_info": "–51%"
  },
  {
    "image_url": "https://cdn.barbora.lt/products/c731dc17-ef27-43fd-bb5b-4224d75d0b9c_m.png",
    "title": "Dažom. plaukų kremas PALETTE INTENSIVE COLOR CR, Nr. 10-19, 1 vnt.",
    "price": "5.49",
    "price_2": null,
    "extra_info": "2 ar daugiau su –40%"
  },
  {
    "image_url": "https://cdn.barbora.lt/products/f7f565da-4c8b-4f37-b3e3-3580f32bb484_m.png",
    "title": "Prieskonių mišinys VEGETA NATUR GRILL CLASSIC, 20 g",
    "price": "0.69",
    "price_2": null,
    "extra_info": "2 ar daugiau su –40%"
  },
  {
    "image_url": "https://cdn.barbora.lt/products/08d8c660-9b1d-44e4-8309-65c73a6920ef_m.png",
    "title": "Šokoladinis keksas BALVITEN su apelsinų žievelėmis be glitimo, 220 g",
    "price": "3.59",
    "price_2": "16,32€/kg",
    "extra_info": "–20%"
  },
  {
    "image_url": "https://cdn.barbora.lt/products/1dd264e1-1748-4344-8334-ef3ff3a65830_m.png",
    "title": "Kūno losjonas NEUTROGENA DEEP MOISTURE sausai odai, 400 ml",
    "price": "7.69",
    "price_2": "19,23€/l",
    "extra_info": "–30%"
  },
  {
    "image_url": "https://cdn.barbora.lt/products/de68dfff-f3f0-40ab-b6ba-8b0a70263fbc_m.png",
    "title": "Moteriškos kojinės SPARTA, 36-41 dydis",
    "price": "1.99",
    "price_2": "1,99€/vnt.",
    "extra_info": "–50%"
  },
  {
    "image_url": "https://cdn.barbora.lt/products/de4c32ab-15b0-4e69-820d-a636ed8ed5b7_m.png",
    "title": "Ledinukai HALLS ENERGY, šaltosios arbatos skonio, 32 g",
    "price": "0.89",
    "price_2": null,
    "extra_info": "2 už 1,19€"
  },
  {
    "image_url": "https://cdn.barbora.lt/products/37de7bf0-f924-42d0-b51d-5a6ba460865b_m.png",
    "title": "Automobilių oro gaiviklis WILD BLACK PANTHER, 1 vnt.",
    "price": "1.29",
    "price_2": null,
    "extra_info": "2 ar daugiau su –40%"
  },
  {
    "image_url": "https://cdn.barbora.lt/products/60e29516-d2e0-4c21-80b6-4fad9bb3ad64_m.png",
    "title": "Rankų ir nagų kremas NEUTROGENA NORWEGIAN FORMULA, 75 ml",
    "price": "4.49",
    "price_2": "59,86€/l",
    "extra_info": "–31%"
  },
  {
    "image_url": "https://cdn.barbora.lt/products/027af7a7-2034-42a7-842d-14ba2ff9e6bd_m.png",
    "title": "Pipirų mišinys SANTA MARIA, 258 g",
    "price": "8.89",
    "price_2": null,
    "extra_info": "2 ar daugiau su –50%"
  },
  {
    "image_url": "https://cdn.barbora.lt/products/98f7a826-1757-4bb0-9e93-b4d1fb6341d4_m.png",
    "title": "Valgomieji ledai HAAGEN DAZS, braškių ir aviečių skonio, 364 g",
    "price": "5.79",
    "price_2": "15,9€/kg",
    "extra_info": "–32%"
  },
  {
    "image_url": "https://cdn.barbora.lt/products/35b20f49-ba4c-458a-b623-0e0eb1c11335_m.png",
    "title": "Drėkinamasis kremas NEUTROGENA CLEAR & DEFEND, 50 ml",
    "price": "7.69",
    "price_2": "153,8€/l",
    "extra_info": "–30%"
  },
  {
    "image_url": "https://cdn.barbora.lt/products/ef1133c1-dff5-407f-9852-dda706df52d6_m.png",
    "title": "Plaukų šampūnas HEAD&SHOULDERS Classic Clean, 95 ml",
    "price": "3.49",
    "price_2": null,
    "extra_info": "2 ar daugiau su –40%"
  },
  {
    "image_url": "https://cdn.barbora.lt/products/46e6a595-b889-4c36-a647-71e6a9bc251e_m.png",
    "title": "Dantų šepetėlis COLGATE LITTLE KIDS SMILES, 3-5 metai, 1 vnt.",
    "price": "2.99",
    "price_2": null,
    "extra_info": "2 ar daugiau su –40%"
  },
  {
    "image_url": "https://cdn.barbora.lt/products/80bfa7e9-2008-44ae-a20d-458a19bb0708_m.png",
    "title": "Silkių filė gabaliukai su džiovintais pomidorais aliejuje, 200 g",
    "price": "1.59",
    "price_2": "7,95€/kg",
    "extra_info": "–20%"
  },
  {
    "image_url": "https://cdn.barbora.lt/products/280b2de5-935a-42ad-b408-d283e0d99135_m.png",
    "title": "Valg. ledai DADU su braškių įdaru, pieninio šokolado glaistu, 63 g",
    "price": "1.49",
    "price_2": null,
    "extra_info": "2 už 1,99€"
  },
  {
    "image_url": "https://cdn.barbora.lt/products/46e5077a-ab24-418c-8ef5-9fc3b6c22481_m.png",
    "title": "Plaukų šampūnas HEAD&SHOULDERS APPLE;800ml",
    "price": "13.99",
    "price_2": null,
    "extra_info": "2 ar daugiau su –40%"
  },
  {
    "image_url": "https://cdn.barbora.lt/products/fbf177b0-25de-43f6-8765-6d694848dda6_m.png",
    "title": "Juodoji arbata WELL DONE, 131 g",
    "price": "4.19",
    "price_2": null,
    "extra_info": "2 ar daugiau su –25%"
  },
  {
    "image_url": "https://cdn.barbora.lt/products/bd7c3c7d-dabd-40a2-975f-e59b1bf691e3_m.png",
    "title": "COREGA  protezų kremas MAX Fixation+Comfort 40g",
    "price": "7.99",
    "price_2": null,
    "extra_info": "2 ar daugiau su –40%"
  },
  {
    "image_url": "https://cdn.barbora.lt/products/ca4fdb6a-7a7d-4969-b9be-7386ec298303_m.png",
    "title": "Plaukų šampūnas AUSSIE SOS Repair&Revive, 300 ml",
    "price": "10.99",
    "price_2": null,
    "extra_info": "2 ar daugiau su –40%"
  },
  {
    "image_url": "https://cdn.barbora.lt/products/70694ee4-1fe5-4dfa-9a39-9ec6a49bb5c7_m.png",
    "title": "Pėdų kremas NEUTROGENA FAST ABSORBING, 100 ml",
    "price": "4.19",
    "price_2": "41,9€/l",
    "extra_info": "–30%"
  },
  {
    "image_url": "https://cdn.barbora.lt/products/014dc853-a0db-4b51-8988-d1e17344f526_m.png",
    "title": "HISKIN Crazy Hair Losjonas galvos odai su levandų aromatu, 100 ml",
    "price": "6.59",
    "price_2": null,
    "extra_info": "2 ar daugiau su –40%"
  },
  {
    "image_url": "https://cdn.barbora.lt/products/c91f64f5-218f-48b3-a4a3-f06889851dd0_m.png",
    "title": "ELSEVE  balzamas  200ml",
    "price": "5.39",
    "price_2": null,
    "extra_info": "2 ar daugiau su –40%"
  },
  {
    "image_url": "https://cdn.barbora.lt/products/add7a2c2-7f4b-4ef2-8654-17cba2548b7e_m.png",
    "title": "L'Oreal Paris ELSEVE  šampūnas, 400ml",
    "price": "7.39",
    "price_2": null,
    "extra_info": "2 ar daugiau su –40%"
  },
  {
    "image_url": "https://cdn.barbora.lt/products/86bb1bfd-0162-4d09-99c1-3e46cfedee44_m.png",
    "title": "Arbata LOYD HOT&COLD, obuolių ir ananasų skonio, 30 g",
    "price": "2.99",
    "price_2": null,
    "extra_info": "2 ar daugiau su –25%"
  },
  {
    "image_url": "https://cdn.barbora.lt/products/79fb2dc1-16ca-406f-803d-f2bb5ea9425a_m.png",
    "title": "Prieskoniai VEGETA FINE BLEND, smulkūs, 200 g",
    "price": "1.99",
    "price_2": null,
    "extra_info": "2 ar daugiau su –40%"
  },
  {
    "image_url": "https://cdn.barbora.lt/products/226a0351-6e15-466a-8fa0-42f3479f9f2c_m.png",
    "title": "Dantų šepetėlis ORAL-B Pro-Expert Advanced, Deep Clean, Medium, 2 vnt.",
    "price": "6.29",
    "price_2": null,
    "extra_info": "2 ar daugiau su –40%"
  },
  {
    "image_url": "https://cdn.barbora.lt/products/a2f02e5a-cfcd-4547-b91a-f7ff426d63f6_m.png",
    "title": "HUMBLE vaik. dantų pasta, braškių sk. 75ml Cosmos Natural",
    "price": "4.99",
    "price_2": null,
    "extra_info": "2 ar daugiau su –40%"
  },
  {
    "image_url": "https://cdn.barbora.lt/products/68d2af14-98b5-4f80-9f13-fefaf9c52167_m.png",
    "title": "Sausas kačių ėdalas LOVETT sterilizuotoms katėms, 800 g",
    "price": "2.44",
    "price_2": "3,05€/kg",
    "extra_info": "–30%"
  },
  {
    "image_url": "https://cdn.barbora.lt/products/52089dd7-e866-4ac7-9940-cf700f68e4cb_m.png",
    "title": "Sūdyti iberiški lašiniai GUDIENOS MĖSA su prieskoniais, a.r., 1 kg",
    "price": "11.99",
    "price_2": "11,99€/kg",
    "extra_info": "–14%"
  },
  {
    "image_url": "https://cdn.barbora.lt/products/5d9252b0-2562-4a26-9bc5-fd82ba2ca8ac_m.png",
    "title": "Club 4 Paws Premium su antiena padaže, vištiena ir jautiena, konservuotas pašaras suaugusioms katėms, 4 x 85 g",
    "price": "1.48",
    "price_2": "4,36€/kg",
    "extra_info": "–35%"
  },
  {
    "image_url": "https://cdn.barbora.lt/products/c0c8597a-9b27-4d6e-b705-5ed18f957e79_m.png",
    "title": "Satininė paklodė su guma 160x200+30cm dr.kaulo",
    "price": "15.99",
    "price_2": null,
    "extra_info": "2 ar daugiau su –40%"
  },
  {
    "image_url": "https://cdn.barbora.lt/products/2b7a719d-157d-4427-83dd-0c11be683320_m.png",
    "title": "Juodieji pipirai su druska malūnėlyje SANTA MARIA, 110 g",
    "price": "5.95",
    "price_2": null,
    "extra_info": "2 ar daugiau su –50%"
  },
  {
    "image_url": "https://cdn.barbora.lt/products/9c88d834-9d46-42ff-88c3-eaff4d8107f6_m.png",
    "title": "Plaukų dažai L'OREAL CASTING CREME GLOSS, Nr. 300, 1 vnt.",
    "price": "10.59",
    "price_2": null,
    "extra_info": "2 ar daugiau su –40%"
  },
  {
    "image_url": "https://cdn.barbora.lt/products/3fbdb3ab-bf78-4f54-9e7d-e8e9ac2aad62_m.png",
    "title": "Silikoninis dantų šepetėlis CANPOL BABIES (nuo gimimo), 1 vnt.",
    "price": "2.29",
    "price_2": null,
    "extra_info": "2 ar daugiau su –40%"
  },
  {
    "image_url": "https://cdn.barbora.lt/products/f8c43e0b-97ae-49ed-badf-34705afb5f22_m.png",
    "title": "Vaik.dantų šepetėlis COLGATE Barbie, 1 vnt.",
    "price": "8.49",
    "price_2": null,
    "extra_info": "2 ar daugiau su –40%"
  },
  {
    "image_url": "https://cdn.barbora.lt/products/8106824e-1590-4645-859a-014a0b2ff295_m.png",
    "title": "Žalioji arbata BASILUR MOROCCAN MINT ORIENTAL, 100 g",
    "price": "7.99",
    "price_2": null,
    "extra_info": "2 ar daugiau su –25%"
  },
  {
    "image_url": "https://cdn.barbora.lt/products/9607eaf2-8e46-445c-a05f-a3d4d7c6a840_m.png",
    "title": "Moteriškos pėdkelnės IMMAGINE MARLEN 40, 2 dydis, 1 vnt.",
    "price": "2.09",
    "price_2": "2,09€/vnt.",
    "extra_info": "–50%"
  },
  {
    "image_url": "https://cdn.barbora.lt/products/4bffe492-53bc-4e7a-99ff-c6ffaa2f8dfd_m.png",
    "title": "Plaukų šampūnas PANTENE Intensive Repair Active Nutri-Plex, 250 ml",
    "price": "3.99",
    "price_2": null,
    "extra_info": "2 ar daugiau su –40%"
  },
  {
    "image_url": "https://cdn.barbora.lt/products/3c5e58a7-07b9-44ac-a66f-5bbda82b966e_m.png",
    "title": "Plaukų dažai L'OREAL EXCELLENCE CREME, Nr. 600, 1 vnt.",
    "price": "7.09",
    "price_2": "7,09€/vnt.",
    "extra_info": "–35%"
  },
  {
    "image_url": "https://cdn.barbora.lt/products/99f98728-dbd3-44a6-b822-d59714a5b409_m.png",
    "title": "Moteriškos puskojinės ORI Star20(2p), universalus,nero,TI,6",
    "price": "1.59",
    "price_2": "0,8€/vnt.",
    "extra_info": "–50%"
  },
  {
    "image_url": "https://cdn.barbora.lt/products/b5ff192e-ddc6-41a2-9221-057d527e977f_m.png",
    "title": "Vytinti kuprių filė gabaliukai DAUPARŲ ŽUVIS, 100 g",
    "price": "4.15",
    "price_2": "41,5€/kg",
    "extra_info": "–20%"
  },
  {
    "image_url": "https://cdn.barbora.lt/products/f8e026f3-296d-41cf-8757-9d936ad34ed2_m.png",
    "title": "Plaukų lakas INTESA ECOFIX, 400 ml",
    "price": "3.25",
    "price_2": null,
    "extra_info": "2 ar daugiau su –40%"
  },
  {
    "image_url": "https://cdn.barbora.lt/products/b209eaf1-8445-4a3d-ad3b-84db3d9739fe_m.png",
    "title": "Moteriškos pėdkelnės ORI TALIA100, 3 dydis,NERO",
    "price": "3.24",
    "price_2": "3,24€/vnt.",
    "extra_info": "–50%"
  },
  {
    "image_url": "https://cdn.barbora.lt/products/528e3a69-a439-41e4-a403-8c881909e372_m.png",
    "title": "L'OREAL MAGIC RETOUCH ataugusių plaukų šaknų purškiklis, BROWN, 75 ml",
    "price": "8.99",
    "price_2": null,
    "extra_info": "2 ar daugiau su –40%"
  },
  {
    "image_url": "https://cdn.barbora.lt/products/33e7092b-dd61-499c-8a71-27317a5c5c78_m.png",
    "title": "Stangrinamasis dieninis veido kremas NIVEA 45+ nuo raukšlių, 50 ml",
    "price": "5.59",
    "price_2": "111,8€/l",
    "extra_info": "–50%"
  },
  {
    "image_url": "https://cdn.barbora.lt/products/47b74d7c-b7df-4ba6-8445-bc6be8093837_m.png",
    "title": "Baltoji arbata BASILUR CHINESE, 100 g",
    "price": "5.99",
    "price_2": null,
    "extra_info": "2 ar daugiau su –25%"
  },
  {
    "image_url": "https://cdn.barbora.lt/products/076849d0-a725-4ca7-9e52-113958b7b79d_m.png",
    "title": "Šampūnas GREEN FEEL'S, 250 ml",
    "price": "2.99",
    "price_2": null,
    "extra_info": "2 ar daugiau su –40%"
  },
  {
    "image_url": "https://cdn.barbora.lt/products/1d5f0621-20a9-4d77-b931-df5bc91b18a8_m.png",
    "title": "Išrūgų baltymų gėrimo milteliai FORCEFIVE (šokolado skonio), 1 vnt.",
    "price": "13.99",
    "price_2": "13,99€/vnt.",
    "extra_info": "–20%"
  },
  {
    "image_url": "https://cdn.barbora.lt/products/79aae247-56dc-463f-8d5d-1c15307e8339_m.png",
    "title": "Plaukų šampūnas GREEN FEEL'S, 400 ml",
    "price": "4.49",
    "price_2": null,
    "extra_info": "2 ar daugiau su –40%"
  },
  {
    "image_url": "https://cdn.barbora.lt/products/850eeeed-0992-43eb-acd7-2807ccda3e41_m.png",
    "title": "Dantų pasta RAPID WHITE „ANTI COLOR“, 75 ml",
    "price": "9.99",
    "price_2": null,
    "extra_info": "2 ar daugiau su –40%"
  },
  {
    "image_url": "https://cdn.barbora.lt/products/67af622b-173b-4bff-84e5-7092c9fce256_m.png",
    "title": "Moteriškas purškiamasis dezodorantas REXONA WHITE FLOWERS AND LYCHEE, 150 ml",
    "price": "2.09",
    "price_2": "13,93€/l",
    "extra_info": "–51%"
  },
  {
    "image_url": "https://cdn.barbora.lt/products/b96d2e8f-7415-4e00-9e47-43e5c13c5536_m.png",
    "title": "Meduoliniai grybukai, 600 g",
    "price": "14.49",
    "price_2": null,
    "extra_info": "2 ar daugiau su –25%"
  },
  {
    "image_url": "https://cdn.barbora.lt/products/456abe42-4fce-4978-b019-74063b659dc3_m.png",
    "title": "NIVEA Q10 ANTI-WRINKLE EXTRA NOURISH kremas, 50 ml",
    "price": "9.49",
    "price_2": "189,8€/l",
    "extra_info": "–50%"
  },
  {
    "image_url": "https://cdn.barbora.lt/products/da7ae6e7-a845-4a04-b060-112fbdce8efd_m.png",
    "title": "Žalioji arbata AHA su kanapių žiedynais ir ženšeniu, 50 g",
    "price": "2.49",
    "price_2": null,
    "extra_info": "2 ar daugiau su –25%"
  },
  {
    "image_url": "https://cdn.barbora.lt/products/34c2e4b0-8a2e-4afc-b358-59bb60b6439d_m.png",
    "title": "Vyriškas pl.šampūnas-kondicionierius-dušo želė GREEN FEEL'S, 250 ml",
    "price": "2.99",
    "price_2": null,
    "extra_info": "2 ar daugiau su –40%"
  },
  {
    "image_url": "https://cdn.barbora.lt/products/3b93a57c-3077-4189-bed5-5a6b62eefc53_m.png",
    "title": "Barbekiu padažas FELIX su medumi, 450 g",
    "price": "2.43",
    "price_2": "5,4€/kg",
    "extra_info": "–25%"
  },
  {
    "image_url": "https://cdn.barbora.lt/products/fbddeca9-78b8-4ae3-a90d-170582e7f8d2_m.png",
    "title": "Kukurūzų traškučiai TAFFEL PIZZA BALLS, picos skonio, 110 g",
    "price": "1.09",
    "price_2": "9,91€/kg",
    "extra_info": "–50%"
  },
  {
    "image_url": "https://cdn.barbora.lt/products/bc63126c-d699-405e-a0b8-2ab40478a4f0_m.png",
    "title": "Vaisinė arbata POSTI PREMIUM KIDS, 40 g",
    "price": "1.59",
    "price_2": null,
    "extra_info": "2 ar daugiau su –25%"
  },
  {
    "image_url": "https://cdn.barbora.lt/products/a28c22fe-0838-4c51-b108-c1fffd55de9c_m.png",
    "title": "Moteriškos kojinės pėdutės SP, 3 p, 36-40 dydis, juoda",
    "price": "4.14",
    "price_2": "2,07€/vnt.",
    "extra_info": "–50%"
  },
  {
    "image_url": "https://cdn.barbora.lt/products/c4648e98-ab51-419e-afde-938a0280f538_m.png",
    "title": "KILIG VITAMIN BOMB plaukus stiprinanti kaukė su vitaminų kompleksu 200 ml",
    "price": "5.29",
    "price_2": null,
    "extra_info": "2 ar daugiau su –40%"
  },
  {
    "image_url": "https://cdn.barbora.lt/products/7f902f0d-1810-443e-b25e-283a848b3ce6_m.png",
    "title": "Automobilių oro gaiviklis AREON SMILE TOY STRAWBERRY, 1 vnt.",
    "price": "2.99",
    "price_2": null,
    "extra_info": "2 ar daugiau su –40%"
  },
  {
    "image_url": "https://cdn.barbora.lt/products/b1fca54e-51dc-45ed-a5e8-157c0299552e_m.png",
    "title": "Higieniniai paketai ALWAYS Ultra Secure Night, S4, 6 vnt.",
    "price": "1.99",
    "price_2": "0,33€/vnt.",
    "extra_info": "–31%"
  },
  {
    "image_url": "https://cdn.barbora.lt/products/04d7ad94-8664-4a39-ac2e-79b2ec68b178_m.png",
    "title": "Valgomieji ledai DADU su žemės riešutais ir sūria karamele, 63 g",
    "price": "1.49",
    "price_2": null,
    "extra_info": "2 už 1,99€"
  },
  {
    "image_url": "https://cdn.barbora.lt/products/72236f4c-e63e-46fa-be24-3f84a42caf4e_m.png",
    "title": "Sausainiai su sūdyta karamele DOMINO, 175 g",
    "price": "2.69",
    "price_2": null,
    "extra_info": "2 ar daugiau su –25%"
  },
  {
    "image_url": "https://cdn.barbora.lt/products/69d68e3c-34cd-40b1-a6a6-a3355802f931_m.png",
    "title": "Plaukų kondicionierius OLAPLEX NR.5,250ml",
    "price": "29.99",
    "price_2": null,
    "extra_info": "2 ar daugiau su –40%"
  },
  {
    "image_url": "https://cdn.barbora.lt/products/6c34b077-8b9c-47a2-8d7f-1582c8eb9dec_m.png",
    "title": "Biri juodoji arbata EXTRA LINE, 80 g",
    "price": "0.19",
    "price_2": null,
    "extra_info": "2 ar daugiau su –25%"
  },
  {
    "image_url": "https://cdn.barbora.lt/products/6ca360bd-562b-4c7d-b0b2-d8a00fe66098_m.png",
    "title": "Putojantis standiklis SYOSS Curl, 250ml",
    "price": "8.19",
    "price_2": null,
    "extra_info": "2 ar daugiau su –40%"
  },
  {
    "image_url": "https://cdn.barbora.lt/products/478f7668-ec2f-4202-a211-4d3d62cbf438_m.png",
    "title": "NIVEA® DERMA SKIN CLEAR šveitiklis į bėrimus linkusiai odai, 150 ml",
    "price": "3.99",
    "price_2": "26,6€/l",
    "extra_info": "–50%"
  },
  {
    "image_url": "https://cdn.barbora.lt/products/44f821ae-37e1-437e-920c-f4e1a4c232bc_m.png",
    "title": "Club 4 Paws premium visavertis pašaras mažų veislių suaugusiems šunims, 2 kg",
    "price": "4.99",
    "price_2": "2,5€/kg",
    "extra_info": "–35%"
  },
  {
    "image_url": "https://cdn.barbora.lt/products/ef28c4d3-a5fa-4652-a6d7-4b70a965a533_m.png",
    "title": "Dantų pasta PARODONTAX ACTIVE GUM REPAIR, 75 ml",
    "price": "7.99",
    "price_2": null,
    "extra_info": "2 ar daugiau su –40%"
  },
  {
    "image_url": "https://cdn.barbora.lt/products/25abb85a-2f92-4099-80a4-1e3f062fad27_m.png",
    "title": "NIVEA purškiamas dezodorantas antiperspirantas moterims Fresh Sensation 250 ml",
    "price": "3.19",
    "price_2": "12,76€/l",
    "extra_info": "–50%"
  },
  {
    "image_url": "https://cdn.barbora.lt/products/95ce1778-8969-48e3-87cd-29a678f84995_m.png",
    "title": "Biri žalioji arbata ETNO. SENCHA, 80 g",
    "price": "5.49",
    "price_2": null,
    "extra_info": "2 ar daugiau su –25%"
  },
  {
    "image_url": "https://cdn.barbora.lt/products/b0113c59-5d62-4ff5-bd5d-0c477d001b1e_m.png",
    "title": "RASA HAIR HYDRO INTENSE SYSTEM Drėkinamasis plaukų šampūnas 500 ml",
    "price": "8.99",
    "price_2": null,
    "extra_info": "2 ar daugiau su –40%"
  },
  {
    "image_url": "https://cdn.barbora.lt/products/56a39884-b1bd-4bb3-b7a0-e447bc7b02d5_m.png",
    "title": "Plaukų šampūnas GARNIER FRUCTIS, 400 ml",
    "price": "6.29",
    "price_2": null,
    "extra_info": "2 ar daugiau su –40%"
  },
  {
    "image_url": "https://cdn.barbora.lt/products/d6ae65cd-7ce9-4e92-9b9d-8978a2224167_m.png",
    "title": "Šilauogių ir aviečių kakaviniai sausainiai OREO, 97g.",
    "price": "2.99",
    "price_2": null,
    "extra_info": "2 ar daugiau su –25%"
  },
  {
    "image_url": "https://cdn.barbora.lt/products/98234531-9100-49f1-a16a-0bba9c83520b_m.png",
    "title": "Plaukų kondicionierius SYOSS Intense Plex, 250 ml",
    "price": "7.49",
    "price_2": null,
    "extra_info": "2 ar daugiau su –40%"
  },
  {
    "image_url": "https://cdn.barbora.lt/products/290cbfe7-ae14-40bf-ad78-ac6b24463434_m.png",
    "title": "Dušo želė DOVE FRUITY NOURISH, 450 ml",
    "price": "3.79",
    "price_2": "8,42€/l",
    "extra_info": "–50%"
  },
  {
    "image_url": "https://cdn.barbora.lt/products/48ef6d91-ee03-42cb-b35a-679838641e9a_m.png",
    "title": "Moteriškas purškiamasis dezodorantas REXONA INVISIBLE PURE, 150 ml",
    "price": "2.49",
    "price_2": "16,6€/l",
    "extra_info": "–50%"
  },
  {
    "image_url": "https://cdn.barbora.lt/products/00bb2598-94ff-4e54-8442-e4e29c4f9511_m.png",
    "title": "Moteriškas purškiamasis antiperspirantas REXONA ADV.P.I.B&B, 150 ml",
    "price": "2.49",
    "price_2": "16,6€/l",
    "extra_info": "–50%"
  },
  {
    "image_url": "https://cdn.barbora.lt/products/df1e30c6-2cc8-4be8-9d5f-3a4130b8124d_m.png",
    "title": "SENSODYNE dantų pasta ClinicalRepair Active Clean75ml",
    "price": "9.99",
    "price_2": null,
    "extra_info": "2 ar daugiau su –40%"
  },
  {
    "image_url": "https://cdn.barbora.lt/products/5cf654b1-7de9-4493-acb0-ed7742bdda2b_m.png",
    "title": "Dantų pasta JORDAN „Kids“ su dozatoriumi (0-5 m.), 150 ml",
    "price": "9.99",
    "price_2": null,
    "extra_info": "2 ar daugiau su –40%"
  },
  {
    "image_url": "https://cdn.barbora.lt/products/ec4ac51e-aa76-41d4-b6ab-102110f18bea_m.png",
    "title": "Ledai HAAGEN-DAZS, mėlynių skonio, 364 g",
    "price": "5.79",
    "price_2": "15,9€/kg",
    "extra_info": "–32%"
  },
  {
    "image_url": "https://cdn.barbora.lt/products/b1f61995-8c9d-431c-97d0-9eafb1d8409a_m.png",
    "title": "ELSEVE  šampūnas, 250 ml",
    "price": "5.39",
    "price_2": null,
    "extra_info": "2 ar daugiau su –40%"
  },
  {
    "image_url": "https://cdn.barbora.lt/products/56cedb08-557a-49c5-9b4c-01b483f4faa9_m.png",
    "title": "ELSEVE  šampūnas 400 ml",
    "price": "7.39",
    "price_2": null,
    "extra_info": "2 ar daugiau su –40%"
  },
  {
    "image_url": "https://cdn.barbora.lt/products/d51fb25b-e193-4ce5-b829-d4699f81f84d_m.png",
    "title": "ELSEVE  šampūnas, 200ml",
    "price": "10.09",
    "price_2": null,
    "extra_info": "2 ar daugiau su –40%"
  },
  {
    "image_url": "https://cdn.barbora.lt/products/880ff48e-2e6c-4517-a6b9-dd4dba27dff5_m.png",
    "title": "SPIDER-MAN 3D dušo želė ir šampūnas 2 in 1, 400 ml",
    "price": "7.99",
    "price_2": null,
    "extra_info": "2 ar daugiau su –40%"
  },
  {
    "image_url": "https://cdn.barbora.lt/products/6a54362c-174f-49cb-9be0-5be3abe16c0b_m.png",
    "title": "Žalioji arbata CEYLON WELL DONE, 100 g",
    "price": "2.69",
    "price_2": null,
    "extra_info": "2 ar daugiau su –25%"
  },
  {
    "image_url": "https://cdn.barbora.lt/products/123e22b5-9ca5-4f16-b83a-1efa99de4b3a_m.png",
    "title": "Granuliuoti česnakai KOTANYI, 48 g",
    "price": "2.72",
    "price_2": "56,67€/kg",
    "extra_info": "–30%"
  },
  {
    "image_url": "https://cdn.barbora.lt/products/c7034417-1f20-47d8-9b09-fa6508bd7327_m.png",
    "title": "Kačių skanėstai su vištiena LOVETT, 60g",
    "price": "1.18",
    "price_2": "19,67€/kg",
    "extra_info": "–30%"
  },
  {
    "image_url": "https://cdn.barbora.lt/products/dca3ab66-f07d-4718-8a53-ba1f031a9bff_m.png",
    "title": "Dantų šepetėlis ORAL-B Pro-Sensitive Advanced, Gentle Clean, Extra Soft, 2 vnt.",
    "price": "6.29",
    "price_2": null,
    "extra_info": "2 ar daugiau su –40%"
  },
  {
    "image_url": "https://cdn.barbora.lt/products/9e1353cc-a6d3-48ce-ba05-b31c990f7c3e_m.png",
    "title": "Dantų pasta BLANX WHITE SHOCK, 75 ml",
    "price": "9.79",
    "price_2": null,
    "extra_info": "2 ar daugiau su –40%"
  },
  {
    "image_url": "https://cdn.barbora.lt/products/bf35777d-625f-42fb-bbf2-e54476a73ac9_m.png",
    "title": "Vaikiška dušo želė PALMOLIVE SEA, 750ml",
    "price": "10.99",
    "price_2": null,
    "extra_info": "2 ar daugiau su –40%"
  },
  {
    "image_url": "https://cdn.barbora.lt/products/9224d8f6-ef1e-49cf-bad9-9993aaff7a56_m.png",
    "title": "NIVEA ACTIVE CLEAN šampūnas plaukams vyrams 500 ml",
    "price": "3.99",
    "price_2": "7,98€/l",
    "extra_info": "–50%"
  },
  {
    "image_url": "https://cdn.barbora.lt/products/2db75f20-9b85-49e4-8067-bb20b0674e31_m.png",
    "title": "Plaukų kondicionierius PANTENE Hydration Recharge Active Nutri-Plex, 275 ml",
    "price": "6.89",
    "price_2": null,
    "extra_info": "2 ar daugiau su –40%"
  },
  {
    "image_url": "https://cdn.barbora.lt/products/3dcecf82-fb3a-4da2-80be-e399821959ce_m.png",
    "title": "Žalioji japoniška arbata SENCHA SKONIS IR KVAPAS, 65 g",
    "price": "7.99",
    "price_2": null,
    "extra_info": "2 ar daugiau su –25%"
  },
  {
    "image_url": "https://cdn.barbora.lt/products/e14a1e77-0422-4eff-adf6-a3bad425a18c_m.png",
    "title": "Club 4 Paws Premium su kalakutiena, triušiena ir ėriena, konservuotas pašaras suaugusioms katėms, 4 x 85 g",
    "price": "1.48",
    "price_2": "4,36€/kg",
    "extra_info": "–35%"
  },
  {
    "image_url": "https://cdn.barbora.lt/products/e4ce8410-4310-4e8b-a014-557ad24207fb_m.png",
    "title": "Satininės patalynės komplektas 200x220/2x50x70cm žaliai dryžuota",
    "price": "39.99",
    "price_2": null,
    "extra_info": "2 ar daugiau su –40%"
  },
  {
    "image_url": "https://cdn.barbora.lt/products/043f37b3-dcf3-47f0-95e3-d60a3787a84d_m.png",
    "title": "Moteriškos puskojinės ORI LAURA 50 , one size, nero/red spots",
    "price": "1.59",
    "price_2": "1,59€/vnt.",
    "extra_info": "–50%"
  },
  {
    "image_url": "https://cdn.barbora.lt/products/38896a85-4bdf-47b4-8b12-5244a6ae328f_m.png",
    "title": "Satininė paklodė su guma 160x200+30cm žalia",
    "price": "15.99",
    "price_2": null,
    "extra_info": "2 ar daugiau su –40%"
  },
  {
    "image_url": "https://cdn.barbora.lt/products/590a0c77-eda2-4eab-8710-cf6078e9752c_m.png",
    "title": "Satininė paklodė su guma 200x200+30cm,š.pilka",
    "price": "17.99",
    "price_2": null,
    "extra_info": "2 ar daugiau su –40%"
  },
  {
    "image_url": "https://cdn.barbora.lt/products/34a14597-398f-4cee-9df9-e7beda26ff89_m.png",
    "title": "Padažas RHODE ISLAND FELIX, 335 ml",
    "price": "2.24",
    "price_2": "6,69€/l",
    "extra_info": "–25%"
  },
  {
    "image_url": "https://cdn.barbora.lt/products/9bb4eeae-cdb2-4361-bac5-cfae1ef9e2e5_m.png",
    "title": "Dažom. plaukų kremas PALETTE INTENSIVE COLOR CREME, Nr. 1-1, 1 vnt.",
    "price": "5.49",
    "price_2": null,
    "extra_info": "2 ar daugiau su –40%"
  },
  {
    "image_url": "https://cdn.barbora.lt/products/5d01a41e-0cb1-49db-86c0-5666e4ed592d_m.png",
    "title": "Higieniniai paketai ALWAYS Ultra Super Extra, S3, 7 vnt.",
    "price": "1.99",
    "price_2": "0,28€/vnt.",
    "extra_info": "–31%"
  },
  {
    "image_url": "https://cdn.barbora.lt/products/1131e42c-7bfc-4e43-9ea8-8460f501d965_m.png",
    "title": "Kvapioji druska SANTA MARIA, 40 g",
    "price": "0.99",
    "price_2": null,
    "extra_info": "2 ar daugiau su –50%"
  },
  {
    "image_url": "https://cdn.barbora.lt/products/847f3f52-5533-45f1-b32b-4c25ed5fa375_m.png",
    "title": "NIVEA® Color Care putos, 150 ml",
    "price": "3.59",
    "price_2": "23,93€/l",
    "extra_info": "–50%"
  },
  {
    "image_url": "https://cdn.barbora.lt/products/256b2748-3224-44c9-a87c-ff97d54d6393_m.png",
    "title": "NIVEA Q10 ANTI-WRINKLE POWER GILIAI REGENERUOJANTIS NAKTINIS KREMAS, 50 ml",
    "price": "9.99",
    "price_2": "199,8€/l",
    "extra_info": "–50%"
  },
  {
    "image_url": "https://cdn.barbora.lt/products/8794ad40-7ec5-4f03-abde-432ff8ee934c_m.png",
    "title": "Universalioji priemonė WD-40, 200 ml, 200 ml",
    "price": "5.49",
    "price_2": null,
    "extra_info": "2 ar daugiau su –40%"
  },
  {
    "image_url": "https://cdn.barbora.lt/products/6624043e-8574-4205-9511-8bbb9093eb15_m.png",
    "title": "Plaukų dažai GARNIER COLOR NATURALS, Nr. 3, 1 vnt.",
    "price": "4.99",
    "price_2": null,
    "extra_info": "2 ar daugiau su –40%"
  },
  {
    "image_url": "https://cdn.barbora.lt/products/e42a6258-3aad-4962-8bcd-0947c21a4c5a_m.png",
    "title": "Plaukų dažai GARNIER COLOR NATURALS, Nr. 4, 1 vnt.",
    "price": "4.99",
    "price_2": null,
    "extra_info": "2 ar daugiau su –40%"
  },
  {
    "image_url": "https://cdn.barbora.lt/products/4bb3d293-e5a4-455b-bd38-fe7a184546fe_m.png",
    "title": "Garnier Color Naturals 6.34, šokoladas.",
    "price": "4.99",
    "price_2": null,
    "extra_info": "2 ar daugiau su –40%"
  },
  {
    "image_url": "https://cdn.barbora.lt/products/989d7c85-feb4-4afa-8d03-2359a37f40a5_m.png",
    "title": "Juodieji pipirai KOTANYI malūnėlyje, 36 g",
    "price": "2.86",
    "price_2": "79,44€/kg",
    "extra_info": "–30%"
  },
  {
    "image_url": "https://cdn.barbora.lt/products/1afd05cc-a2cd-42e2-8470-da3a81c33a3d_m.png",
    "title": "Virtas KLEBONIŠKAS kiaulienos vyniotinis, a. r., 1 kg",
    "price": "9.69",
    "price_2": "9,69€/kg",
    "extra_info": "–25%"
  },
  {
    "image_url": "https://cdn.barbora.lt/products/9d705175-8219-44bf-98aa-6029564e12ca_m.png",
    "title": "Fiksuojamasis dantų protezų kremas BLEND A DENT Complete Strong Hold, Fresh Flavor, 47 g",
    "price": "7.99",
    "price_2": null,
    "extra_info": "2 ar daugiau su –40%"
  },
  {
    "image_url": "https://cdn.barbora.lt/products/987d5eaa-76ac-49fb-99a0-8573b04abe4b_m.png",
    "title": "Plaukų šampūnas SCHAUMA Q10, 400 ml",
    "price": "4.59",
    "price_2": null,
    "extra_info": "2 ar daugiau su –40%"
  },
  {
    "image_url": "https://cdn.barbora.lt/products/29523fff-c221-474d-8977-174004e89d60_m.png",
    "title": "NIVEA FOR MEN Losjonas po skutimosi SENSITIVE, 100 ml",
    "price": "5.99",
    "price_2": "59,9€/l",
    "extra_info": "–50%"
  },
  {
    "image_url": "https://cdn.barbora.lt/products/592b889b-3e66-40f0-9b5d-cb8ae594e3ba_m.png",
    "title": "NIVEA MEN SENSITIVE skutimosi kremas 100 ml",
    "price": "2.49",
    "price_2": "24,9€/l",
    "extra_info": "–50%"
  },
  {
    "image_url": "https://cdn.barbora.lt/products/315d9093-2522-4d33-ac34-3ce8c86577c6_m.png",
    "title": "Aitriųjų paprikų padažas HABANERO FELIX, 130 g",
    "price": "2.31",
    "price_2": "17,77€/kg",
    "extra_info": "–25%"
  },
  {
    "image_url": "https://cdn.barbora.lt/products/2da95f4d-bb82-4c9d-8643-3ef2a6940486_m.png",
    "title": "Dažomasis plaukų kremas SYOSS OLEO INTENSE, 1 vnt.",
    "price": "9.49",
    "price_2": null,
    "extra_info": "2 ar daugiau su –40%"
  },
  {
    "image_url": "https://cdn.barbora.lt/products/83a200b4-89c8-4159-be19-f49fa9aaa631_m.png",
    "title": "Dažomasis plaukų kremas SYOSS OLEO INTENSE, Nr. 3-10, 1 vnt.",
    "price": "9.49",
    "price_2": null,
    "extra_info": "2 ar daugiau su –40%"
  },
  {
    "image_url": "https://cdn.barbora.lt/products/2823d603-f513-4748-89eb-db396ba061df_m.png",
    "title": "Plaukų šampūnas OGX su argano aliejumi, 385 ml",
    "price": "13.99",
    "price_2": null,
    "extra_info": "2 ar daugiau su –40%"
  },
  {
    "image_url": "https://cdn.barbora.lt/products/4365a5d0-0b76-4ea0-b17e-e245570055a4_m.png",
    "title": "Pažeistų plaukų šampūnas OPLEPIKHA SIBERICA, 400 ml",
    "price": "9.29",
    "price_2": null,
    "extra_info": "2 ar daugiau su –40%"
  },
  {
    "image_url": "https://cdn.barbora.lt/products/f2f7bf05-7bef-44d1-a676-4a3d3d47b616_m.png",
    "title": "NIVEA Dušo želė vyrams ACTIVE CLEAN, 250 ml",
    "price": "2.09",
    "price_2": "8,36€/l",
    "extra_info": "–50%"
  },
  {
    "image_url": "https://cdn.barbora.lt/products/de4ee3b0-e6f5-4fa4-a06e-167e56d5ff5e_m.png",
    "title": "Šampūnas slenkantiems plaukams SEBAMED HAIR CARE, 200 ml",
    "price": "14.29",
    "price_2": null,
    "extra_info": "2 ar daugiau su –40%"
  },
  {
    "image_url": "https://cdn.barbora.lt/products/89fdfed3-bb0b-40a1-86fc-e788796ab4ca_m.png",
    "title": "PRESTO žalioji arbata su ginkmedžių lapais, 80 g",
    "price": "1.69",
    "price_2": null,
    "extra_info": "2 ar daugiau su –25%"
  },
  {
    "image_url": "https://cdn.barbora.lt/products/0d5ebd57-9ef2-4734-a490-f017157006e1_m.png",
    "title": "Plaukų lakas SYOSS Ceramide, 300 ml",
    "price": "8.19",
    "price_2": null,
    "extra_info": "2 ar daugiau su –40%"
  },
  {
    "image_url": "https://cdn.barbora.lt/products/847ed4c6-decd-46c2-9df3-d5983a8da3ef_m.png",
    "title": "Elektrinio dantų šepetėlio galvutės ORAL-B Kids Frozen Pro, 2 vnt.",
    "price": "16.99",
    "price_2": null,
    "extra_info": "2 ar daugiau su –40%"
  },
  {
    "image_url": "https://cdn.barbora.lt/products/f805e361-c39b-4559-a0e4-e399fd58790d_m.png",
    "title": "Moteriškos pėdkelnės IMMAGINE LOLA 40, 5 dydis, 1 vnt.",
    "price": "1.44",
    "price_2": "1,44€/vnt.",
    "extra_info": "–50%"
  },
  {
    "image_url": "https://cdn.barbora.lt/products/8faed30f-7ca8-444d-bebe-63e3c5c6ca1f_m.png",
    "title": "Cinamono žievelės SANTA MARIA, 22 g",
    "price": "2.59",
    "price_2": null,
    "extra_info": "2 ar daugiau su –50%"
  },
  {
    "image_url": "https://cdn.barbora.lt/products/6d777750-54d6-4d2d-96c0-78203342d41b_m.png",
    "title": "Plaukų balzamas GARNIER FRUCTIS , 200 ml",
    "price": "4.99",
    "price_2": null,
    "extra_info": "2 ar daugiau su –40%"
  },
  {
    "image_url": "https://cdn.barbora.lt/products/8a9b6ba9-cc37-4d0f-8f5a-bd0ce4d73e84_m.png",
    "title": "Plaukų šampūnas NATURA SIBERICA (WHITE CEDAR), 400 ml",
    "price": "7.99",
    "price_2": null,
    "extra_info": "2 ar daugiau su –40%"
  },
  {
    "image_url": "https://cdn.barbora.lt/products/cce999a8-2343-4f1b-a983-f41bb2946cb9_m.png",
    "title": "Higieniniai įklotai ALWAYS Long, Odour Lock, 26 vnt.",
    "price": "2.85",
    "price_2": "0,11€/vnt.",
    "extra_info": "–30%"
  },
  {
    "image_url": "https://cdn.barbora.lt/products/3330a4bb-c9cd-4a94-835c-9262c1ecc2ac_m.png",
    "title": "Moteriškas rutulinis antiperspirantas NIVEA, 50 ml",
    "price": "2.39",
    "price_2": "47,8€/l",
    "extra_info": "–50%"
  },
  {
    "image_url": "https://cdn.barbora.lt/products/551231d6-b9ef-4dbe-8ebe-17913968f162_m.png",
    "title": "NIVEA MEN Losjonas po skutimosi DEEP, 100 ml",
    "price": "5.99",
    "price_2": "59,9€/l",
    "extra_info": "–50%"
  },
  {
    "image_url": "https://cdn.barbora.lt/products/15501506-f273-4570-b133-bd51e5c0d156_m.png",
    "title": "Plaukų kondicionierius GREEN FEEL'S, 150 ml",
    "price": "2.99",
    "price_2": null,
    "extra_info": "2 ar daugiau su –40%"
  },
  {
    "image_url": "https://cdn.barbora.lt/products/5c275de1-b255-456d-80e7-45f01b340364_m.png",
    "title": "Penkių pipirų mišinys SANTA MARIA, 190 g",
    "price": "10.49",
    "price_2": null,
    "extra_info": "2 ar daugiau su –50%"
  },
  {
    "image_url": "https://cdn.barbora.lt/products/9c9cf172-10a2-4b34-8e6c-24a365ad1b59_m.png",
    "title": "NIVEA BLACK&WHITE SILKY SMOOTH rutulinis antiperspirantas moterims, 50 ml",
    "price": "2.39",
    "price_2": "47,8€/l",
    "extra_info": "–50%"
  },
  {
    "image_url": "https://cdn.barbora.lt/products/050dd0bd-8221-4182-a91b-9cef1a3ef768_m.png",
    "title": "Vyriškos darbinės kojinės FRIENDS, 43-46 dydis, 2 vnt.",
    "price": "5.39",
    "price_2": "2,7€/vnt.",
    "extra_info": "–40%"
  },
  {
    "image_url": "https://cdn.barbora.lt/products/2c00f308-7e4c-4595-8200-20d102709cd4_m.png",
    "title": "Dažytų plaukų šampūnas SUPER SIBERICA, 400 ml",
    "price": "9.09",
    "price_2": null,
    "extra_info": "2 ar daugiau su –40%"
  },
  {
    "image_url": "https://cdn.barbora.lt/products/1ae1f4f6-bd15-46bd-9e13-f4d91d881df4_m.png",
    "title": "Juodoji Ceilono arbata IMPRA GOLD, 200 g",
    "price": "9.99",
    "price_2": null,
    "extra_info": "2 ar daugiau su –25%"
  },
  {
    "image_url": "https://cdn.barbora.lt/products/3e6e821c-a8fc-4e65-b1ab-15efd4b39976_m.png",
    "title": "Daugiafunkcė dantų pasta GREEN FEEL'S, 100 ml",
    "price": "4.99",
    "price_2": null,
    "extra_info": "2 ar daugiau su –40%"
  },
  {
    "image_url": "https://cdn.barbora.lt/products/ec5eb9cb-73f4-46f4-825f-12ebcff852e3_m.png",
    "title": "ECODENTA organic dantų pasta jautiriems dantims ir dantenoms su druska 75 ml",
    "price": "6.59",
    "price_2": null,
    "extra_info": "2 ar daugiau su –40%"
  },
  {
    "image_url": "https://cdn.barbora.lt/products/ec7c1838-ed80-4a24-bb7e-0d06ca9cbfd4_m.png",
    "title": "NIVEA BLACK&WHITE ULTIMATE IMPACT purškiamasis antiperspirantas moterims, 150 ml",
    "price": "2.39",
    "price_2": "15,93€/l",
    "extra_info": "–50%"
  },
  {
    "image_url": "https://cdn.barbora.lt/products/5600b065-e3b3-410e-b25b-f9c20e4015d3_m.png",
    "title": "Žalioji arbata POSTI PREMIUM su šaltalankų uogomis, 30 g",
    "price": "1.59",
    "price_2": null,
    "extra_info": "2 ar daugiau su –25%"
  },
  {
    "image_url": "https://cdn.barbora.lt/products/4a5f52f0-75ca-4a4f-9d6e-b6b3df4b2252_m.png",
    "title": "Moteriškos kojinės pėdutės SP, 3 p, 36-40 dydis, balta",
    "price": "4.14",
    "price_2": "1,38€/vnt.",
    "extra_info": "–50%"
  },
  {
    "image_url": "https://cdn.barbora.lt/products/178cf34d-cba4-40af-8a37-8922dfb19ce4_m.png",
    "title": "Kepsnių padažas FELIX, 450 g",
    "price": "2.43",
    "price_2": "5,4€/kg",
    "extra_info": "–25%"
  },
  {
    "image_url": "https://cdn.barbora.lt/products/352f0c2c-9613-4054-a19c-58d6bab02c2d_m.png",
    "title": "Plaukų kondicionierius SCHAUMA COLOR SHINE, 250 ml",
    "price": "3.69",
    "price_2": null,
    "extra_info": "2 ar daugiau su –40%"
  },
  {
    "image_url": "https://cdn.barbora.lt/products/87ae8547-535d-4a3a-92b8-de04f12fde6f_m.png",
    "title": "Higieniniai paketai ALWAYS Platinum Normal, S1, 30 vnt.",
    "price": "5.59",
    "price_2": "0,19€/vnt.",
    "extra_info": "–30%"
  },
  {
    "image_url": "https://cdn.barbora.lt/products/1b1578e3-74b6-4cac-88d0-ee0fa3dde25c_m.png",
    "title": "Baltoji arbata PRESTO. AVIEČIŲ POKŠTAS, 50 g",
    "price": "2.19",
    "price_2": null,
    "extra_info": "2 ar daugiau su –25%"
  },
  {
    "image_url": "https://cdn.barbora.lt/products/e990d54e-420e-4a76-8889-b0e9e0aa8ac5_m.png",
    "title": "Club 4 Paws Premium su ėriena ir ryžiais suaugusiems visų veislių šunims visavertis sausas pašaras, 0,9 kg",
    "price": "4.41",
    "price_2": "4,9€/kg",
    "extra_info": "–35%"
  },
  {
    "image_url": "https://cdn.barbora.lt/products/2cb492e6-9717-402e-9d52-58060a403190_m.png",
    "title": "Plaukų šampūnas GARNIER BOTANIC THERAPY, 400 ml",
    "price": "5.99",
    "price_2": null,
    "extra_info": "2 ar daugiau su –40%"
  },
  {
    "image_url": "https://cdn.barbora.lt/products/80c41e8e-6a9d-4dee-a94c-25d0bb0e759f_m.png",
    "title": "Burnos skalavimo skystis LISTERINE TOTAL CARE, 1 l",
    "price": "12.49",
    "price_2": null,
    "extra_info": "2 ar daugiau su –40%"
  },
  {
    "image_url": "https://cdn.barbora.lt/products/458bc527-f744-4932-bf10-63552a0b7dad_m.png",
    "title": "Ekologiški citrinpipiriai SANTA MARIA, 60 g",
    "price": "3.99",
    "price_2": null,
    "extra_info": "2 ar daugiau su –50%"
  },
  {
    "image_url": "https://cdn.barbora.lt/products/7854a409-8a9a-4bc8-99dd-2ab6574b92cf_m.png",
    "title": "Plaukų šampūnas SYOSS Oleo Intense, 440 ml",
    "price": "7.49",
    "price_2": null,
    "extra_info": "2 ar daugiau su –40%"
  },
  {
    "image_url": "https://cdn.barbora.lt/products/db8f4a54-35cc-48b4-85fb-2b9425a35578_m.png",
    "title": "Moteriškas purškiamasis dezodorantas REXONA SEXY BOUQUET, 200 ml",
    "price": "2.99",
    "price_2": "14,95€/l",
    "extra_info": "–50%"
  },
  {
    "image_url": "https://cdn.barbora.lt/products/bf71e47c-41df-48fa-a131-2ca45b9a0e8b_m.png",
    "title": "NIVEA Repair & Care kūno losjonas, 400 ml",
    "price": "5.29",
    "price_2": "13,23€/l",
    "extra_info": "–51%"
  },
  {
    "image_url": "https://cdn.barbora.lt/products/e36cb3b5-0e5e-4156-bb8d-1b61c9cb4d4f_m.png",
    "title": "Sausainiai AMARETTI su avietėmis, 170 g",
    "price": "3.49",
    "price_2": null,
    "extra_info": "2 ar daugiau su –25%"
  },
  {
    "image_url": "https://cdn.barbora.lt/products/33efade5-7523-40e6-a0d2-7ce8856179f3_m.png",
    "title": "Lazdelės su šokolado skonio glaistu POCKY, 47 g",
    "price": "2.59",
    "price_2": null,
    "extra_info": "2 ar daugiau su –25%"
  },
  {
    "image_url": "https://cdn.barbora.lt/products/8b980a2f-dd75-4aa8-a9e6-71b08d12e8b6_m.png",
    "title": "Uogų tyrė MASHIE ORIGINAL, mangų ir pasiflorų skonio, 675 g",
    "price": "17.69",
    "price_2": null,
    "extra_info": "2 ar daugiau su –25%"
  },
  {
    "image_url": "https://cdn.barbora.lt/products/90ce918e-3db8-4986-87a3-1fb143dcd4c3_m.png",
    "title": "Plaukų šampūnas HEAD&SHOULDERS Classic Clean 2in1, 330 ml",
    "price": "8.49",
    "price_2": null,
    "extra_info": "2 ar daugiau su –40%"
  },
  {
    "image_url": "https://cdn.barbora.lt/products/293c6d1b-736d-4507-a9ea-06332f1178d6_m.png",
    "title": "Aušinimo skystis TW -38 °C G12++, 1 L",
    "price": "1.99",
    "price_2": "1,99€/l",
    "extra_info": "–50%"
  },
  {
    "image_url": "https://cdn.barbora.lt/products/31f9007d-6411-422d-84c6-5fd69e78ec98_m.png",
    "title": "Juodoji arbata BASILUR EARL GREY, 50 g",
    "price": "2.69",
    "price_2": null,
    "extra_info": "2 ar daugiau su –25%"
  },
  {
    "image_url": "https://cdn.barbora.lt/products/b0c2e73f-731f-49cf-b579-c561e45f075f_m.png",
    "title": "Plaukų kaukė GARNIER FRUCTIS CURLS METHOD, 370 ml",
    "price": "9.99",
    "price_2": null,
    "extra_info": "2 ar daugiau su –40%"
  },
  {
    "image_url": "https://cdn.barbora.lt/products/37a75b15-4bb2-4e74-bb22-275f6935c23e_m.png",
    "title": "Micelinis vanduo NIVEA , 400 ml",
    "price": "4.89",
    "price_2": "12,23€/l",
    "extra_info": "–51%"
  },
  {
    "image_url": "https://cdn.barbora.lt/products/e492b83c-7167-42c4-813a-082cc96e62fc_m.png",
    "title": "K. rūkytos, vytintos KABANOS dešrelės WELL DONE, nerūš., 120 g",
    "price": "1.49",
    "price_2": "12,42€/kg",
    "extra_info": "–29%"
  },
  {
    "image_url": "https://cdn.barbora.lt/products/1daf7769-4979-49d4-a3bb-3b35f0ca4ccb_m.png",
    "title": "Burnos skalavimo skystis PARODONTAX ICY MINT, 500 ml",
    "price": "7.89",
    "price_2": null,
    "extra_info": "2 ar daugiau su –40%"
  },
  {
    "image_url": "https://cdn.barbora.lt/products/44b57070-c304-4e77-b6f1-d0e88322e558_m.png",
    "title": "ELSEVE  balzamas 200ml",
    "price": "5.39",
    "price_2": null,
    "extra_info": "2 ar daugiau su –40%"
  },
  {
    "image_url": "https://cdn.barbora.lt/products/34981202-c5c0-4320-9d66-d2d76245d65e_m.png",
    "title": "Dantų pasta ELMEX SENSITIVE PLUS SENSITIVITY+GUM, 75 ml",
    "price": "9.59",
    "price_2": null,
    "extra_info": "2 ar daugiau su –40%"
  },
  {
    "image_url": "https://cdn.barbora.lt/products/48c195c1-3d2d-496c-8672-714e8c3308b7_m.png",
    "title": "ELSEVE  balzamas  200ml",
    "price": "5.39",
    "price_2": null,
    "extra_info": "2 ar daugiau su –40%"
  },
  {
    "image_url": "https://cdn.barbora.lt/products/36cb3251-bc7f-4a56-9da4-fb5810fc04b7_m.png",
    "title": "ELSEVE  šampūnas 250ml",
    "price": "5.39",
    "price_2": null,
    "extra_info": "2 ar daugiau su –40%"
  },
  {
    "image_url": "https://cdn.barbora.lt/products/258ce1c0-10f1-4c93-bc5f-7574bb4397a5_m.png",
    "title": "ELSEVE  kaukė 300ml",
    "price": "9.19",
    "price_2": null,
    "extra_info": "2 ar daugiau su –40%"
  },
  {
    "image_url": "https://cdn.barbora.lt/products/393b376a-48be-48e3-9453-baf0c526ba8c_m.png",
    "title": "ELSEVE ALIEJUS  plaukams 100ml.",
    "price": "13.49",
    "price_2": null,
    "extra_info": "2 ar daugiau su –40%"
  },
  {
    "image_url": "https://cdn.barbora.lt/products/40f6c8c7-412d-47a7-b5af-b6c1762063cd_m.png",
    "title": "NIVEA Soft drėkinamasis kremas veidui, kūnui, rankoms, 375 ml",
    "price": "5.49",
    "price_2": "14,64€/l",
    "extra_info": "–50%"
  },
  {
    "image_url": "https://cdn.barbora.lt/products/61c3d06d-7a95-407f-903e-4539985c5a9e_m.png",
    "title": "El. dantų šepetėlio galvutės ORAL-B IO GENTLE CARE, 4 vnt., 4 vnt.",
    "price": "46.99",
    "price_2": null,
    "extra_info": "2 ar daugiau su –40%"
  },
  {
    "image_url": "https://cdn.barbora.lt/products/bef8b833-c84d-4adf-b3c1-d7f590274b7a_m.png",
    "title": "Fructis Keratin Sleek kondicionierius, 200ml",
    "price": "7.99",
    "price_2": null,
    "extra_info": "2 ar daugiau su –40%"
  },
  {
    "image_url": "https://cdn.barbora.lt/products/a97e4024-a9ed-489f-83b8-dd9c69869329_m.png",
    "title": "NIVEA MEN dušo gelis vyrams Total Relax 500 ml",
    "price": "3.39",
    "price_2": "6,78€/l",
    "extra_info": "–51%"
  },
  {
    "image_url": "https://cdn.barbora.lt/products/ad0784f8-fb97-4ec0-bd80-d3aea47ff168_m.png",
    "title": "Saldiklis su stevija DULCI LIGHT, 50 vnt., 30 g",
    "price": "2.29",
    "price_2": "76,34€/kg",
    "extra_info": "–23%"
  },
  {
    "image_url": "https://cdn.barbora.lt/products/485d5591-4423-47d6-a55b-32fb9666d8e8_m.png",
    "title": "Plaukų šampūnas HEAD&SHOULDERS Men Ultra Old Spice, 800 ml",
    "price": "13.99",
    "price_2": null,
    "extra_info": "2 ar daugiau su –40%"
  },
  {
    "image_url": "https://cdn.barbora.lt/products/eff9e25c-7a8b-43a8-befa-a58c6ce40afc_m.png",
    "title": "Šampūnas ir dušo želė vaikams Bubchen Cola Monster 230ml",
    "price": "4.49",
    "price_2": null,
    "extra_info": "2 ar daugiau su –40%"
  },
  {
    "image_url": "https://cdn.barbora.lt/products/0bdc5a81-772d-4762-8846-4cf8fac83fa6_m.png",
    "title": "NIVEA dušo želė Restore 500 ml",
    "price": "3.39",
    "price_2": "6,78€/l",
    "extra_info": "–51%"
  },
  {
    "image_url": "https://cdn.barbora.lt/products/5140eeed-d230-4847-939f-d9fcf0887a36_m.png",
    "title": "NIVEA Derma Control Defend purškiamas antiperspirantas moterims 150 ml",
    "price": "2.39",
    "price_2": "15,93€/l",
    "extra_info": "–50%"
  },
  {
    "image_url": "https://cdn.barbora.lt/products/c19b8891-dad9-4082-afe9-8b38d8ca1629_m.png",
    "title": "Sausainiai su balt. Šok. Ir spang. 150 g",
    "price": "1.79",
    "price_2": null,
    "extra_info": "2 ar daugiau su –25%"
  },
  {
    "image_url": "https://cdn.barbora.lt/products/8697356c-31e0-4af5-a4b4-f22da111faf2_m.png",
    "title": "Dantų pasta ORAL-B 3D White Advanced, Luxe Perfection Advanced Whitening, 75 ml",
    "price": "7.49",
    "price_2": null,
    "extra_info": "2 ar daugiau su –40%"
  },
  {
    "image_url": "https://cdn.barbora.lt/products/9272ec63-3499-425f-9c5b-e83bf2b350b1_m.png",
    "title": "Įvairių rožių puokštė",
    "price": "9.99",
    "price_2": "9,99€/vnt.",
    "extra_info": "–38%"
  },
  {
    "image_url": "https://cdn.barbora.lt/products/adee072d-b7f9-4796-8dc2-b5b24c88df5a_m.png",
    "title": "Satininė paklodė su guma 180x200+30cm dr.kaulo",
    "price": "16.99",
    "price_2": null,
    "extra_info": "2 ar daugiau su –40%"
  },
  {
    "image_url": "https://cdn.barbora.lt/products/e86e0885-f91a-42e8-bf5e-f0b9c86617a0_m.png",
    "title": "NIVEA MEN ACTIVE ENERGY drėkinantis veido kremas, 50 ml",
    "price": "5.49",
    "price_2": "109,8€/l",
    "extra_info": "–50%"
  },
  {
    "image_url": "https://cdn.barbora.lt/products/67478d83-2fb1-4528-821c-983c50847b89_m.png",
    "title": "NIVEA Q10 ANTI-WRINKLE POWER STANGRINANTIS AKIŲ SRITIES KREMAS, 15 ml",
    "price": "9.99",
    "price_2": "666€/l",
    "extra_info": "–50%"
  },
  {
    "image_url": "https://cdn.barbora.lt/products/51d6b165-216b-4f8a-b3c4-147aa24fe396_m.png",
    "title": "Plaukų dažai GARNIER COLOR NATURALS, 1 vnt.",
    "price": "4.99",
    "price_2": null,
    "extra_info": "2 ar daugiau su –40%"
  },
  {
    "image_url": "https://cdn.barbora.lt/products/c488bc54-f802-4690-b2e3-b93b11604c83_m.png",
    "title": "Šonkauliukų prieskoniai KOTANYI su medumi, 40 g",
    "price": "0.83",
    "price_2": "20,75€/kg",
    "extra_info": "–30%"
  },
  {
    "image_url": "https://cdn.barbora.lt/products/ec76fcd0-e8f8-4b5a-9517-e4a867b65f69_m.png",
    "title": "Žolelių arbata KNIURKIO ARBATĖLĖ (nuo 9 mėn.), 40 g",
    "price": "2.75",
    "price_2": null,
    "extra_info": "2 ar daugiau su –25%"
  },
  {
    "image_url": "https://cdn.barbora.lt/products/903a0d5a-9395-423c-b319-6584a4b635a5_m.png",
    "title": "NIVEA MEN SENSITIVE DRĖKINANMASIS KREMAS, 75 ml",
    "price": "5.09",
    "price_2": "67,87€/l",
    "extra_info": "–51%"
  },
  {
    "image_url": "https://cdn.barbora.lt/products/f3fe36e2-4651-43a1-b21c-a3ae0e5d0a34_m.png",
    "title": "Birus juod. ir žalios arbatos mišinys GURMAN'S (GIMTADIENIS), 90 g",
    "price": "1.99",
    "price_2": null,
    "extra_info": "2 ar daugiau su –25%"
  },
  {
    "image_url": "https://cdn.barbora.lt/products/7c6c7a69-8bb5-4a98-84e0-7b232312e4de_m.png",
    "title": "Plaukų šampūnas HEAD&SHOULDERS Sensitive, 400 ml",
    "price": "8.49",
    "price_2": null,
    "extra_info": "2 ar daugiau su –40%"
  },
  {
    "image_url": "https://cdn.barbora.lt/products/c0aec31c-3450-4395-9fb9-e0a2f3622d85_m.png",
    "title": "Vyriškas plaukų šampūnas SCHAUMA ANTI-DANDRUFF su imbierais, 400 ml",
    "price": "4.59",
    "price_2": null,
    "extra_info": "2 ar daugiau su –40%"
  },
  {
    "image_url": "https://cdn.barbora.lt/products/ed29f62d-cc60-47cb-aa23-60c1b6170a5c_m.png",
    "title": "Dažomasis plaukų kremas SYOSS, Nr. 4-8, 1 vnt.",
    "price": "8.99",
    "price_2": null,
    "extra_info": "2 ar daugiau su –40%"
  },
  {
    "image_url": "https://cdn.barbora.lt/products/a35e6fd7-8f01-4c74-825e-1d8740584c5b_m.png",
    "title": "Dantų šepetėlis JORDAN INDIVIDUAL REACH SOFT, 1 vnt.",
    "price": "3.79",
    "price_2": null,
    "extra_info": "2 ar daugiau su –40%"
  },
  {
    "image_url": "https://cdn.barbora.lt/products/746098ad-291c-4fe3-b271-834788909b8a_m.png",
    "title": "Plaukų formavimo želė SYOSS MEN Power Hold, 250 ml",
    "price": "8.59",
    "price_2": null,
    "extra_info": "2 ar daugiau su –40%"
  },
  {
    "image_url": "https://cdn.barbora.lt/products/a88388f4-2624-4bbe-b750-1ac5b508661a_m.png",
    "title": "Biri vaisinė arbata GURMAN'S su imbierais ir citrinomis, 90 g",
    "price": "1.99",
    "price_2": null,
    "extra_info": "2 ar daugiau su –25%"
  },
  {
    "image_url": "https://cdn.barbora.lt/products/f897d973-c4a4-4316-94e1-381eee2cf532_m.png",
    "title": "Plaukų dažai L'OREAL EXCELLENCE CREME, Nr. 8.1, 1 vnt.",
    "price": "7.09",
    "price_2": "7,09€/vnt.",
    "extra_info": "–35%"
  },
  {
    "image_url": "https://cdn.barbora.lt/products/9022a03e-6577-44a0-b32f-ef6d36d50fa7_m.png",
    "title": "Plaukų aliejus SYOSS Beauty Elixir, 100 ml",
    "price": "12.79",
    "price_2": null,
    "extra_info": "2 ar daugiau su –40%"
  },
  {
    "image_url": "https://cdn.barbora.lt/products/d32d4322-6b58-4da4-af8e-49ebf883e916_m.png",
    "title": "Žolelių arbata ŽOLYNĖLIS GRACIJA SISTEMA, 40 g",
    "price": "2.99",
    "price_2": null,
    "extra_info": "2 ar daugiau su –25%"
  },
  {
    "image_url": "https://cdn.barbora.lt/products/7328fa5e-3653-4b8f-b10c-73257bd1d863_m.png",
    "title": "Fiksuojamasis dantų protezų kremas BLEND A DENT Plus Unbeatable Bite, No Flavor, 40 g",
    "price": "7.99",
    "price_2": null,
    "extra_info": "2 ar daugiau su –40%"
  },
  {
    "image_url": "https://cdn.barbora.lt/products/93e18dfa-c361-4c83-97e8-ef21030bebde_m.png",
    "title": "Stiklų valiklis TURTLE WAX, 500 ml",
    "price": "3.99",
    "price_2": "7,98€/l",
    "extra_info": "–50%"
  },
  {
    "image_url": "https://cdn.barbora.lt/products/a012524a-51f7-408d-a537-83107bb73f6a_m.png",
    "title": "Moteriškos pėdkelnės ORI Control Body70, 4 dydis, nero",
    "price": "2.84",
    "price_2": "2,84€/vnt.",
    "extra_info": "–50%"
  },
  {
    "image_url": "https://cdn.barbora.lt/products/dc4e8cb5-718a-4c1b-9453-90ee26fb058b_m.png",
    "title": "NIVEA BLACK&WHITE FRESH purškiamasis antiperspirantas vyrams, 150 ml",
    "price": "2.39",
    "price_2": "15,93€/l",
    "extra_info": "–50%"
  },
  {
    "image_url": "https://cdn.barbora.lt/products/2240d168-3ccb-41ee-9046-f6cee519d482_m.png",
    "title": "Atstatomasis plaukų šampūnas NATURA SIBERICA (ARCTIC ROSE), 400 ml",
    "price": "7.99",
    "price_2": null,
    "extra_info": "2 ar daugiau su –40%"
  },
  {
    "image_url": "https://cdn.barbora.lt/products/51d2f9ab-47cd-48f6-a5be-1ffc575bffaf_m.png",
    "title": "Plaukų šampūnas NATURA SIBERICA (FROZEN BERRIES) su vitam., 400 ml",
    "price": "7.99",
    "price_2": null,
    "extra_info": "2 ar daugiau su –40%"
  },
  {
    "image_url": "https://cdn.barbora.lt/products/915d65e9-a47b-41f0-bbb6-36adb2e0ff72_m.png",
    "title": "Vyriškas purškiamasis dezodorantas REXONA ACTIVE PROTECTION, 150 ml",
    "price": "2.09",
    "price_2": "13,93€/l",
    "extra_info": "–51%"
  },
  {
    "image_url": "https://cdn.barbora.lt/products/9fcefd59-c9d2-406e-96b3-aeab01cc5275_m.png",
    "title": "Kūno kremas-gelis NEUTROGENA HYDRO BOOST, 400 ml",
    "price": "8.29",
    "price_2": "20,73€/l",
    "extra_info": "–30%"
  },
  {
    "image_url": "https://cdn.barbora.lt/products/989b53d5-81b3-4e28-abd2-791f67a25460_m.png",
    "title": "Vyriškas riebių plaukų šampūnas VĖJAS su dilgėlių ekstraktu, 250 ml",
    "price": "2.19",
    "price_2": null,
    "extra_info": "2 ar daugiau su –40%"
  },
  {
    "image_url": "https://cdn.barbora.lt/products/379c8f20-03ec-42a5-9320-2673ba3acda3_m.png",
    "title": "Moteriškos pėdkelnės IMG MicroCharme80, 4 dydis,antracite",
    "price": "2.49",
    "price_2": "2,49€/vnt.",
    "extra_info": "–50%"
  },
  {
    "image_url": "https://cdn.barbora.lt/products/702c0085-355d-4b33-8cd2-34c381d298f9_m.png",
    "title": "Moteriškos pėdkelnės ORI PowerSlim100, 2 dydis,nero",
    "price": "3.74",
    "price_2": "3,74€/vnt.",
    "extra_info": "–50%"
  },
  {
    "image_url": "https://cdn.barbora.lt/products/e0e796ce-52cb-44c3-94e5-6bee185e02d8_m.png",
    "title": "Dantų pasta LACALUT FLORA",
    "price": "3.35",
    "price_2": "44,67€/l",
    "extra_info": "–35%"
  },
  {
    "image_url": "https://cdn.barbora.lt/products/f56834d5-2ed8-4cf2-9bf9-6db1feb6c65c_m.png",
    "title": "Vaikiškas plaukų šampūnas JOHNSON'S su ramunėlėmis, 500 ml",
    "price": "5.29",
    "price_2": null,
    "extra_info": "2 ar daugiau su –40%"
  },
  {
    "image_url": "https://cdn.barbora.lt/products/cc61fffe-f448-427f-a730-efbebf6638ba_m.png",
    "title": "Dantų šepetėlis ELMEX SENSITIVE EXTRA SOFT, 1 vnt.",
    "price": "7.39",
    "price_2": null,
    "extra_info": "2 ar daugiau su –40%"
  },
  {
    "image_url": "https://cdn.barbora.lt/products/330395de-0860-4e25-a445-4981ce4e7e2f_m.png",
    "title": "Higieniniai įklotai CAREFREE FLEXI FRESH, 56 vnt.",
    "price": "3.79",
    "price_2": "0,07€/vnt.",
    "extra_info": "–31%"
  },
  {
    "image_url": "https://cdn.barbora.lt/products/db7c5a5a-6d47-413c-9afd-03606dd9901d_m.png",
    "title": "LACALUT sensitive- jautrūs dantys ir švelnus dantų balinimas",
    "price": "3.89",
    "price_2": "51,87€/l",
    "extra_info": "–35%"
  },
  {
    "image_url": "https://cdn.barbora.lt/products/b9a42986-a532-469f-84cf-eaa7d423db48_m.png",
    "title": "Dantų siūlas HUMBLE su aktyvintosiomis anglimis,su laikikliu, 50 vnt.",
    "price": "4.19",
    "price_2": null,
    "extra_info": "2 ar daugiau su –40%"
  },
  {
    "image_url": "https://cdn.barbora.lt/products/c29ad9f6-5567-4e1a-a0d2-ed141217e33b_m.png",
    "title": "ECODENTA balinamoji dantų pasta jautriems dantims su omyadent 100 ml",
    "price": "5.85",
    "price_2": null,
    "extra_info": "2 ar daugiau su –40%"
  },
  {
    "image_url": "https://cdn.barbora.lt/products/b843e167-0603-47ae-a16c-85731a6b720f_m.png",
    "title": "Juodoji Ceilono arbata IMPRA su apelsinais, 100 g",
    "price": "3.29",
    "price_2": null,
    "extra_info": "2 ar daugiau su –25%"
  },
  {
    "image_url": "https://cdn.barbora.lt/products/927a0247-55d0-459c-8ad6-a7ab7208de1f_m.png",
    "title": "Žolelių arbata POSTI PREMIUM SLIMMING, 30 g",
    "price": "1.59",
    "price_2": null,
    "extra_info": "2 ar daugiau su –25%"
  },
  {
    "image_url": "https://cdn.barbora.lt/products/cbc143e8-692d-4fcf-b48a-b8d93aba28eb_m.png",
    "title": "Automobilių oro gaiviklis LITTLE JOE MINI BLACK, 1 vnt.",
    "price": "3.99",
    "price_2": null,
    "extra_info": "2 ar daugiau su –40%"
  },
  {
    "image_url": "https://cdn.barbora.lt/products/15034d62-d7f5-405a-b82a-657fceaeaa36_m.png",
    "title": "Valgomieji KARALIŠKI vaniliniai ledai, 385 g",
    "price": "4.14",
    "price_2": "10,75€/kg",
    "extra_info": "–50%"
  },
  {
    "image_url": "https://cdn.barbora.lt/products/5891b3c7-b47c-43bd-a89e-4cb7f0a9feb9_m.png",
    "title": "Plaukų dažai PALETTE DELUXE TONER PLATINUM BLONDE, 150 ml",
    "price": "7.79",
    "price_2": null,
    "extra_info": "2 ar daugiau su –40%"
  },
  {
    "image_url": "https://cdn.barbora.lt/products/e3e311a5-0186-4fad-b741-1ed1004ba64c_m.png",
    "title": "KILIG MOISTURIZING intensyviai plaukus drėkinanti kaukė su betainu 200 ml",
    "price": "5.29",
    "price_2": null,
    "extra_info": "2 ar daugiau su –40%"
  },
  {
    "image_url": "https://cdn.barbora.lt/products/01dfde09-996f-4cc4-a8fb-5ea4a692fb2d_m.png",
    "title": "Kūno losjonas NEUTROGENA INTENSE REPAIR CICA, 400 ml",
    "price": "7.69",
    "price_2": "19,23€/l",
    "extra_info": "–30%"
  },
  {
    "image_url": "https://cdn.barbora.lt/products/542dbe62-7d58-4863-b4ce-2900728863eb_m.png",
    "title": "Vaikiškos kojinės, SEVEN LEMON, 1 pora, dydis 34-36, medvilnė",
    "price": "1.49",
    "price_2": null,
    "extra_info": "2 ar daugiau su –40%"
  },
  {
    "image_url": "https://cdn.barbora.lt/products/958a9590-baf3-4b1c-8b34-480787396ba8_m.png",
    "title": "NIVEA BLACK&WHITE SILKY SMOOTH pieštukinis antiperspirantas moterims, 50 ml",
    "price": "2.69",
    "price_2": "53,8€/l",
    "extra_info": "–50%"
  },
  {
    "image_url": "https://cdn.barbora.lt/products/a0f3a83c-97b5-45c6-b48e-fbcab8450170_m.png",
    "title": "Plaukų kaukė GARNIER FRUCTIS HAIR , 400 ml",
    "price": "10.79",
    "price_2": null,
    "extra_info": "2 ar daugiau su –40%"
  },
  {
    "image_url": "https://cdn.barbora.lt/products/7d419fe7-59ce-45b5-8fab-d6dc13a70d43_m.png",
    "title": "Plaukų kondicionierius SYOSS Oleo Intense, 250 ml",
    "price": "7.49",
    "price_2": null,
    "extra_info": "2 ar daugiau su –40%"
  },
  {
    "image_url": "https://cdn.barbora.lt/products/bdf2ae7f-f27f-418e-91d1-8a093b14e3c0_m.png",
    "title": "Moteriškas rutulinis dezodorantas REXONA COTTON DRY, 50 ml",
    "price": "2.09",
    "price_2": "41,8€/l",
    "extra_info": "–51%"
  },
  {
    "image_url": "https://cdn.barbora.lt/products/66a249c3-dd0b-4aa3-9571-a170924bd018_m.png",
    "title": "Moteriškos pėdkelnės ORI  IMG MARLEN 40 neutro 5 d.",
    "price": "2.09",
    "price_2": "2,09€/vnt.",
    "extra_info": "–50%"
  },
  {
    "image_url": "https://cdn.barbora.lt/products/07d7fb5e-f995-4eef-a658-730ba585a15c_m.png",
    "title": "Biri baltoji arbata ETNO. MAO FENG, 60 g",
    "price": "5.49",
    "price_2": null,
    "extra_info": "2 ar daugiau su –25%"
  },
  {
    "image_url": "https://cdn.barbora.lt/products/f341815d-ff9b-4d40-bea3-b6c4de601e3e_m.png",
    "title": "Grūsti juodieji pipirai SANTA MARIA, 217 g",
    "price": "9.99",
    "price_2": null,
    "extra_info": "2 ar daugiau su –50%"
  },
  {
    "image_url": "https://cdn.barbora.lt/products/d1fc5354-7283-41da-9fea-5d5fc53fedf7_m.png",
    "title": "Plaukų šampūnas PANTENE Hydra Glow Miracles, 250 ml",
    "price": "7.19",
    "price_2": null,
    "extra_info": "2 ar daugiau su –40%"
  },
  {
    "image_url": "https://cdn.barbora.lt/products/cbfa1902-7e25-4f16-aa19-44cd0d9e2328_m.png",
    "title": "Kūno prausiklis FAITH IN NATURE GRAPEFRUIT & ORANGE, 400 ml",
    "price": "5.59",
    "price_2": "13,98€/l",
    "extra_info": "–30%"
  },
  {
    "image_url": "https://cdn.barbora.lt/products/2c264c58-ddea-4edb-abfc-93ccfb20ca1e_m.png",
    "title": "Plaukų šampūnas GARNIER FRUCTIS CURLS METHOD, 200 ml",
    "price": "6.99",
    "price_2": null,
    "extra_info": "2 ar daugiau su –40%"
  },
  {
    "image_url": "https://cdn.barbora.lt/products/c499508b-3a21-46b5-8872-cc6af1322405_m.png",
    "title": "Mediniai dantų krapštukai JORDA EXTRA THIN, 105 vnt.",
    "price": "2.89",
    "price_2": null,
    "extra_info": "2 ar daugiau su –40%"
  },
  {
    "image_url": "https://cdn.barbora.lt/products/61cf92ae-edb3-472c-9713-0f5973a75b91_m.png",
    "title": "NIVEA Q10 STANGRINAMASIS KŪNO LOSJONAS SU KOFERMENTU Q10, 400 ml",
    "price": "6.09",
    "price_2": "15,23€/l",
    "extra_info": "–50%"
  },
  {
    "image_url": "https://cdn.barbora.lt/products/b7e64146-edae-4dd2-8496-c1a6856a496d_m.png",
    "title": "Dantų pasta „LACALUT aktiv PLUS“",
    "price": "3.49",
    "price_2": "46,54€/l",
    "extra_info": "–35%"
  },
  {
    "image_url": "https://cdn.barbora.lt/products/739a21fe-c6ac-469b-adb8-b64b55f8e034_m.png",
    "title": "Plaukų kaukė GLISS Blonde Hair Perfector, 150 ml",
    "price": "7.99",
    "price_2": null,
    "extra_info": "2 ar daugiau su –40%"
  },
  {
    "image_url": "https://cdn.barbora.lt/products/2e661dcf-602e-48a3-a045-43eca29bc7c3_m.png",
    "title": "ODA PRO Intensyviai drėkinantis niacinamido kremas su hialurono rūgštimi",
    "price": "21.65",
    "price_2": "433€/l",
    "extra_info": "–30%"
  },
  {
    "image_url": "https://cdn.barbora.lt/products/f8c1d904-aec7-42b9-bfa6-4059d8f809a3_m.png",
    "title": "K. r. vytintos KABANOS dešrelės su sūriu WELL DONE, nerūš., 120 g",
    "price": "1.49",
    "price_2": "12,42€/kg",
    "extra_info": "–29%"
  },
  {
    "image_url": "https://cdn.barbora.lt/products/d048d001-2c86-42a7-b9bd-5156e76c0e25_m.png",
    "title": "Augalinės kilmės GOURMET GREEN koldūnai su imbierais, 250 g",
    "price": "2.39",
    "price_2": "9,56€/kg",
    "extra_info": "–20%"
  },
  {
    "image_url": "https://cdn.barbora.lt/products/9c47002a-b9c8-4213-931a-e7d3ae0c0614_m.png",
    "title": "ELSEVE  šampūnas 250ml",
    "price": "5.39",
    "price_2": null,
    "extra_info": "2 ar daugiau su –40%"
  },
  {
    "image_url": "https://cdn.barbora.lt/products/b3030b81-9724-4a16-a2c4-b5f39958ebf1_m.png",
    "title": "ELSEVEkondicionierius, 200ml",
    "price": "5.39",
    "price_2": null,
    "extra_info": "2 ar daugiau su –40%"
  },
  {
    "image_url": "https://cdn.barbora.lt/products/25a5a79c-ea62-47e7-bcf4-f9479ada5625_m.png",
    "title": "ELSEVE Dream Long šampūnas 1L",
    "price": "17.99",
    "price_2": null,
    "extra_info": "2 ar daugiau su –40%"
  },
  {
    "image_url": "https://cdn.barbora.lt/products/861209f9-d63f-4628-ab3f-0cb241c7f9f4_m.png",
    "title": "Plaukų dažai SYOSS COLOR 13-5 Platininė šviesinimo priemonė, 1vnt.",
    "price": "8.99",
    "price_2": null,
    "extra_info": "2 ar daugiau su –40%"
  },
  {
    "image_url": "https://cdn.barbora.lt/products/b08c91de-9ab4-43f3-9f21-cb3478064db4_m.png",
    "title": "Arbata su braškėmis ir vanile WELL DONE, 30 g",
    "price": "2.29",
    "price_2": null,
    "extra_info": "2 ar daugiau su –25%"
  },
  {
    "image_url": "https://cdn.barbora.lt/products/259c78aa-1dac-4031-8f71-6063cc0a3796_m.png",
    "title": "Plaukų kondicionierius \"SCHAUMA STRONGER FOR LONGER\", 250 ml",
    "price": "3.69",
    "price_2": null,
    "extra_info": "2 ar daugiau su –40%"
  },
  {
    "image_url": "https://cdn.barbora.lt/products/2af0ec27-3dd1-427b-a38b-d56def06ab98_m.png",
    "title": "Higieniniai paketai ALWAYS Platinum Secure Night Extra, S5, 16 vnt.",
    "price": "5.59",
    "price_2": "0,35€/vnt.",
    "extra_info": "–30%"
  },
  {
    "image_url": "https://cdn.barbora.lt/products/1f3e5f73-91ca-4ffb-ad50-478034690850_m.png",
    "title": "Kačių skanėstai su lašiša LOVETT, 60g",
    "price": "1.18",
    "price_2": "19,67€/kg",
    "extra_info": "–30%"
  },
  {
    "image_url": "https://cdn.barbora.lt/products/e7151e83-c147-45f2-82b6-6509afb0df51_m.png",
    "title": "NIVEA MAITINAMASIS DIENINIS KREMAS SU SPF30 SAUSAI IR JAUTRIAI ODAI 50 ml",
    "price": "5.49",
    "price_2": "109,8€/l",
    "extra_info": "–50%"
  },
  {
    "image_url": "https://cdn.barbora.lt/products/7e824597-9185-42ae-bfdb-af6b911a812a_m.png",
    "title": "NIVEA DRĖKINAMASIS DIENINIS KREMAS SU SPF30 NORMALIAI ODAI 50 ml",
    "price": "5.49",
    "price_2": "109,8€/l",
    "extra_info": "–50%"
  },
  {
    "image_url": "https://cdn.barbora.lt/products/22de6120-2954-4137-b4d8-42b1a6107b07_m.png",
    "title": "Rudasis saldiklis su stevija DULCI LIGHT, 50 vnt., 30 g",
    "price": "2.29",
    "price_2": "76,34€/kg",
    "extra_info": "–23%"
  },
  {
    "image_url": "https://cdn.barbora.lt/products/ccbe3014-057c-4eb1-8ca5-b48baeb5b0ba_m.png",
    "title": "Šampūnas ir dušo želė vaikams Bubchen Pikachu 230 ml",
    "price": "4.49",
    "price_2": null,
    "extra_info": "2 ar daugiau su –40%"
  },
  {
    "image_url": "https://cdn.barbora.lt/products/47150006-63b7-4114-a734-128c3ac1fd47_m.png",
    "title": "NIVEA ANTI GREASE šampūnas plaukams vyrams 500 ml",
    "price": "3.99",
    "price_2": "7,98€/l",
    "extra_info": "–50%"
  },
  {
    "image_url": "https://cdn.barbora.lt/products/f865abf4-1559-478a-b7af-5fcc3cca4dd4_m.png",
    "title": "Baltymų kavos mišinys MAXI NUTRITION WHITE MOCHA, 300 g",
    "price": "11.39",
    "price_2": "37,97€/kg",
    "extra_info": "–40%"
  },
  {
    "image_url": "https://cdn.barbora.lt/products/3f9533d1-b20f-42e1-b576-aefba0a9c229_m.png",
    "title": "Fiksuojamasis dantų protezų kremas BLEND A DENT Complete Strong Hold, No Flavor, 47 g",
    "price": "7.99",
    "price_2": null,
    "extra_info": "2 ar daugiau su –40%"
  },
  {
    "image_url": "https://cdn.barbora.lt/products/efe189ff-0328-4b57-8da0-d42940981dc8_m.png",
    "title": "Club 4 Paws Premium su kalakutiena sausas pašaras suaugusioms sterilizuotoms katėms 0,9 kg",
    "price": "3.43",
    "price_2": "3,81€/kg",
    "extra_info": "–35%"
  },
  {
    "image_url": "https://cdn.barbora.lt/products/32d972c9-e7c0-41d4-9cbd-836f78f7a7dd_m.png",
    "title": "Puskietis sūris CACIO EL PASTORE, 50%, 1 kg",
    "price": "18.99",
    "price_2": "18,99€/kg",
    "extra_info": "–24%"
  },
  {
    "image_url": "https://cdn.barbora.lt/products/8274ccdd-339a-46d0-8b50-eba4a51a4d84_m.png",
    "title": "Satininės patalynės komplektas140x200/50x70cm,bijūnai",
    "price": "24.99",
    "price_2": null,
    "extra_info": "2 ar daugiau su –40%"
  },
  {
    "image_url": "https://cdn.barbora.lt/products/35555e00-fe7c-4e23-a52f-21c0d77c8552_m.png",
    "title": "Moteriškos kojinės ORI LUNA 50 , one size, nero/ red spots",
    "price": "1.39",
    "price_2": "1,39€/vnt.",
    "extra_info": "–50%"
  },
  {
    "image_url": "https://cdn.barbora.lt/products/5143b052-88fb-406a-8b4d-597cc46e1399_m.png",
    "title": "Kilpinis rankšluostis 70x130cm,balintos kavos",
    "price": "15.99",
    "price_2": null,
    "extra_info": "2 ar daugiau su –40%"
  },
  {
    "image_url": "https://cdn.barbora.lt/products/4d4b520b-f20b-4b95-a891-5843cbe1808b_m.png",
    "title": "Satininė paklodė su guma 200x200+30cm,š.ruda",
    "price": "17.99",
    "price_2": null,
    "extra_info": "2 ar daugiau su –40%"
  },
  {
    "image_url": "https://cdn.barbora.lt/products/cbac38df-f6a7-4db9-8166-95b9ca175728_m.png",
    "title": "Satininė paklodė su guma 140x200+30cm dr.kaulo",
    "price": "14.99",
    "price_2": null,
    "extra_info": "2 ar daugiau su –40%"
  },
  {
    "image_url": "https://cdn.barbora.lt/products/9ca3ac94-cafd-4e78-9f51-30c09221a3ac_m.png",
    "title": "Satininė paklodė su guma 160x200+30cm,š.ruda",
    "price": "15.99",
    "price_2": null,
    "extra_info": "2 ar daugiau su –40%"
  },
  {
    "image_url": "https://cdn.barbora.lt/products/9580e4be-3ece-4737-b493-c06e1fd6307a_m.png",
    "title": "Satininė paklodė su guma 180x200+30cm,t. mėlyna",
    "price": "16.99",
    "price_2": null,
    "extra_info": "2 ar daugiau su –40%"
  },
  {
    "image_url": "https://cdn.barbora.lt/products/421f083b-3438-4dff-a8b3-1037f2f0bc7e_m.png",
    "title": "Satininė paklodė su guma 180x200+30cm žalia",
    "price": "16.99",
    "price_2": null,
    "extra_info": "2 ar daugiau su –40%"
  },
  {
    "image_url": "https://cdn.barbora.lt/products/456bd6e2-564d-44b2-8e5d-2260af48476a_m.png",
    "title": "Greitai paruošiami makaronai MAGGI ASIA TERIYAKI, 128 g",
    "price": "1.61",
    "price_2": "12,58€/kg",
    "extra_info": "–40%"
  },
  {
    "image_url": "https://cdn.barbora.lt/products/3bc6339c-ee42-4cfd-abeb-432b76f0a5ce_m.png",
    "title": "Plonos kvietinės pilnagrūdės tortilijos SANTA MARIA, 240 g",
    "price": "3.19",
    "price_2": null,
    "extra_info": "2 ar daugiau su –50%"
  },
  {
    "image_url": "https://cdn.barbora.lt/products/4fddc04b-8d5f-46f6-bede-a484962eb3e9_m.png",
    "title": "Dažom. plaukų kremas PALETTE INTENSIVE COLOR CREM, Nr. 10-1, 1 vnt.",
    "price": "5.49",
    "price_2": null,
    "extra_info": "2 ar daugiau su –40%"
  },
  {
    "image_url": "https://cdn.barbora.lt/products/9cce8830-3d15-47be-8bb8-a4d8f327cbdb_m.png",
    "title": "NIVEA Valomosios servetelės normaliai ir mišriai odai AQUA EFFECT",
    "price": "3.39",
    "price_2": "0,13€/vnt.",
    "extra_info": "–50%"
  },
  {
    "image_url": "https://cdn.barbora.lt/products/2fe95cc6-d7ea-4931-b7eb-da06b67f4de2_m.png",
    "title": "Plaukų dažai GARNIER COLOR NATURALS, Nr. 8.1, 1 vnt.",
    "price": "4.99",
    "price_2": null,
    "extra_info": "2 ar daugiau su –40%"
  },
  {
    "image_url": "https://cdn.barbora.lt/products/92de651a-a4a9-4959-b99f-2d0dfb891d79_m.png",
    "title": "Moteriškos pėdkelnės IMMAGINE Italiana Confort 40den 3 d., nero",
    "price": "1.54",
    "price_2": "1,54€/vnt.",
    "extra_info": "–50%"
  },
  {
    "image_url": "https://cdn.barbora.lt/products/f16f4249-ee4e-4c80-9a4d-0b9e24472059_m.png",
    "title": "Moteriškos pėdkelnės IMMAGINE Italiana Confort 40den 4 d., nero",
    "price": "1.54",
    "price_2": "1,54€/vnt.",
    "extra_info": "–50%"
  },
  {
    "image_url": "https://cdn.barbora.lt/products/25cfeab3-9d1d-4c10-bc4b-8647186f15e6_m.png",
    "title": "Šukuosenos modeliavimo pasta GOT2B, 100 ml",
    "price": "10.69",
    "price_2": null,
    "extra_info": "2 ar daugiau su –40%"
  },
  {
    "image_url": "https://cdn.barbora.lt/products/4b5bd87b-ccbb-4f9e-b895-9f6b0be2ba78_m.png",
    "title": "Automobilio oro gaiviklis WUNDER-BAUM, NEW CAR, 1 vnt.",
    "price": "1.49",
    "price_2": null,
    "extra_info": "2 ar daugiau su –40%"
  },
  {
    "image_url": "https://cdn.barbora.lt/products/24bc8470-6fdf-42ee-90ff-164292fd9d78_m.png",
    "title": "Plaukų dažai L'OREAL CASTING CREME GLOSS, Nr. 515, 1 vnt.",
    "price": "10.59",
    "price_2": null,
    "extra_info": "2 ar daugiau su –40%"
  },
  {
    "image_url": "https://cdn.barbora.lt/products/98f6449c-b8bf-431d-a0c0-233c045495c3_m.png",
    "title": "Plaukų želė SYOSS Max Hold, 250 ml",
    "price": "8.59",
    "price_2": null,
    "extra_info": "2 ar daugiau su –40%"
  },
  {
    "image_url": "https://cdn.barbora.lt/products/0190f5a9-9809-4ec4-a00a-9c02ef9b9146_m.png",
    "title": "Universalūs marinavimo prieskoniai SANTA MARIA RUB, 22 g",
    "price": "1.09",
    "price_2": null,
    "extra_info": "2 ar daugiau su –50%"
  },
  {
    "image_url": "https://cdn.barbora.lt/products/1fdc7f4b-9f63-41a7-b914-6c4e985aa8ef_m.png",
    "title": "Sausainiai DELICADEZA su cukrumi ir cinamonu, 0.13 kg",
    "price": "2.39",
    "price_2": null,
    "extra_info": "2 ar daugiau su –25%"
  },
  {
    "image_url": "https://cdn.barbora.lt/products/e15c309f-3aac-45ff-95cd-acddf5d05ade_m.png",
    "title": "Dažomasis plaukų kremas SYOSS OLEO INTENSE, Nr. 5-92, 1 vnt.",
    "price": "9.49",
    "price_2": null,
    "extra_info": "2 ar daugiau su –40%"
  },
  {
    "image_url": "https://cdn.barbora.lt/products/8c891dc2-79a0-4eb1-b115-cde0aba4e8d3_m.png",
    "title": "Automobilio oro gaiviklis WUNDER-BAUM, BUBBLE GUM, 1 vnt.",
    "price": "1.49",
    "price_2": null,
    "extra_info": "2 ar daugiau su –40%"
  },
  {
    "image_url": "https://cdn.barbora.lt/products/328ab431-83f1-4e36-8adb-3a7bea006b70_m.png",
    "title": "Plaukų modeliavimo pasta GOT2B Phenomenal, 100 ml",
    "price": "10.69",
    "price_2": null,
    "extra_info": "2 ar daugiau su –40%"
  },
  {
    "image_url": "https://cdn.barbora.lt/products/f37605ad-809e-40d2-88d5-07a4fd15d850_m.png",
    "title": "Plaukų šampūnas HEAD&SHOULDERS  Apple, 250 ml",
    "price": "6.29",
    "price_2": null,
    "extra_info": "2 ar daugiau su –40%"
  },
  {
    "image_url": "https://cdn.barbora.lt/products/7a82619f-e2dd-4077-b27c-7e27e6a643f4_m.png",
    "title": "Moteriškos pėdkelnės ORI Control Body40, NEUTRO, 3 dydis",
    "price": "2.84",
    "price_2": "2,84€/vnt.",
    "extra_info": "–50%"
  },
  {
    "image_url": "https://cdn.barbora.lt/products/85467744-10c9-44bf-b6fd-6e43bf183114_m.png",
    "title": "Sausainiai AMARETTI su pistacijomis, 170 g",
    "price": "3.49",
    "price_2": null,
    "extra_info": "2 ar daugiau su –25%"
  },
  {
    "image_url": "https://cdn.barbora.lt/products/b6e1e875-8e91-4376-a822-7efdd283726b_m.png",
    "title": "Moteriškos pėdkelnės ORI  Talia40, 3d.,neutro",
    "price": "3.39",
    "price_2": "3,39€/vnt.",
    "extra_info": "–50%"
  },
  {
    "image_url": "https://cdn.barbora.lt/products/33ed78b9-05de-4200-9820-1db0bc98872f_m.png",
    "title": "Moteriškos pėdkelnės IMMAGINE MAMMA 40 NERO M/L, 1 vnt.",
    "price": "2.84",
    "price_2": "2,84€/vnt.",
    "extra_info": "–50%"
  },
  {
    "image_url": "https://cdn.barbora.lt/products/1367cc54-093d-4138-acc0-4d41b54f503b_m.png",
    "title": "Plaukų lakas GOT2B Volumania, 300 ml",
    "price": "9.49",
    "price_2": null,
    "extra_info": "2 ar daugiau su –40%"
  },
  {
    "image_url": "https://cdn.barbora.lt/products/bee00a3d-28b6-40bc-b180-1c5e3ff31d5d_m.png",
    "title": "Plaukų šampūnas GARNIER FRUCTIS, 400 ml",
    "price": "6.29",
    "price_2": null,
    "extra_info": "2 ar daugiau su –40%"
  },
  {
    "image_url": "https://cdn.barbora.lt/products/fa449e93-dd74-4c78-add6-368a6115a87b_m.png",
    "title": "Plaukų balzamas NATURA SIBERICA (WHITE CEDAR), 400 ml",
    "price": "7.99",
    "price_2": null,
    "extra_info": "2 ar daugiau su –40%"
  },
  {
    "image_url": "https://cdn.barbora.lt/products/8386de17-7077-4ab2-8e64-a1d642bc1506_m.png",
    "title": "Moteriškos pėdkelnės IMG Chance 150den 2 dydis nero",
    "price": "3.39",
    "price_2": "3,39€/vnt.",
    "extra_info": "–50%"
  },
  {
    "image_url": "https://cdn.barbora.lt/products/a6c33839-45ca-4487-abc5-218e453817ac_m.png",
    "title": "Juodoji arbata BASILUR PU-ERH, 100 g",
    "price": "5.99",
    "price_2": null,
    "extra_info": "2 ar daugiau su –25%"
  },
  {
    "image_url": "https://cdn.barbora.lt/products/d848587d-fd2e-4af8-9e9b-2dd54d5ea8d2_m.png",
    "title": "Rankų kremas-gelis NEUTROGENA HYDRO BOOST, 75 ml",
    "price": "5.19",
    "price_2": "69,2€/l",
    "extra_info": "–31%"
  },
  {
    "image_url": "https://cdn.barbora.lt/products/902048cd-980f-4915-8397-89449239535b_m.png",
    "title": "NIVEA CELLULAR  „EXPERT LIFT” dieninis kremas, 50 ml",
    "price": "10.19",
    "price_2": "203,8€/l",
    "extra_info": "–50%"
  },
  {
    "image_url": "https://cdn.barbora.lt/products/4cec6547-3834-4ff8-9893-c202ab4cc581_m.png",
    "title": "Plaukų modeliavimo pasta SYOSS Texture Clay, 100ml",
    "price": "8.99",
    "price_2": null,
    "extra_info": "2 ar daugiau su –40%"
  },
  {
    "image_url": "https://cdn.barbora.lt/products/7e38d277-8335-4583-8b4a-83be1e54a200_m.png",
    "title": "Burnos gaiviklis STAY COOL, švelnaus mėtų skonio, 20 ml",
    "price": "4.49",
    "price_2": null,
    "extra_info": "2 ar daugiau su –40%"
  },
  {
    "image_url": "https://cdn.barbora.lt/products/89a03430-a74f-4935-b4eb-5441e46c3b74_m.png",
    "title": "Higieniniai įklotai CAREFREE COTTON FLEXIFORM FRESH, 30 vnt.",
    "price": "2.65",
    "price_2": "0,09€/vnt.",
    "extra_info": "–30%"
  },
  {
    "image_url": "https://cdn.barbora.lt/products/34f00f80-1249-4fbb-9750-c74ec8ffa9fc_m.png",
    "title": "Higieniniai įklotai CAREFREE COTTON FLEXIFORM (bekvapiai), 30 vnt.",
    "price": "2.65",
    "price_2": "0,09€/vnt.",
    "extra_info": "–30%"
  },
  {
    "image_url": "https://cdn.barbora.lt/products/607f8ba9-d6b0-4f87-9bdf-79304654c70f_m.png",
    "title": "ECODENTA organic dantų pasta nuo apnašų su kokosų aliejumi 75 ml",
    "price": "6.59",
    "price_2": null,
    "extra_info": "2 ar daugiau su –40%"
  },
  {
    "image_url": "https://cdn.barbora.lt/products/d927a590-c394-4c35-8cae-d6d3d76df5cd_m.png",
    "title": "Automobilių oro gaiviklis AREON LIETUVA, 1 vnt.",
    "price": "1.49",
    "price_2": null,
    "extra_info": "2 ar daugiau su –40%"
  },
  {
    "image_url": "https://cdn.barbora.lt/products/9c7383e4-8e85-4972-bf7d-7a2c3225698e_m.png",
    "title": "Plaukų šampūnas SYOSS Blonde&Silver, 440 ml",
    "price": "7.49",
    "price_2": null,
    "extra_info": "2 ar daugiau su –40%"
  },
  {
    "image_url": "https://cdn.barbora.lt/products/5c1b144c-354b-43f6-86ab-80a90dd5df4c_m.png",
    "title": "Dantų šepetėliai HUMBLE BRUSH, 2 vnt., 2 vnt.",
    "price": "4.99",
    "price_2": null,
    "extra_info": "2 ar daugiau su –40%"
  },
  {
    "image_url": "https://cdn.barbora.lt/products/ec9f9c94-f786-4ed0-a6ab-5184472a1951_m.png",
    "title": "Dantų pasta BLANX O3X, 75 ml",
    "price": "10.19",
    "price_2": null,
    "extra_info": "2 ar daugiau su –40%"
  },
  {
    "image_url": "https://cdn.barbora.lt/products/61588ebe-a5c9-464d-ab96-959395ada242_m.png",
    "title": "NIVEA MEN HYALURON drėkinantis veido kremas su SPF 15, 50 ml",
    "price": "6.69",
    "price_2": "133,8€/l",
    "extra_info": "–50%"
  },
  {
    "image_url": "https://cdn.barbora.lt/products/30cfc31a-d80c-49e6-8641-fe2696e78aa1_m.png",
    "title": "Konservuotas kačių ėdalas LOVETT su jautiena, 100 g, 100 g",
    "price": "0.38",
    "price_2": "3,8€/kg",
    "extra_info": "–31%"
  },
  {
    "image_url": "https://cdn.barbora.lt/products/239a76e5-f46b-4976-95b9-45a3b9e1fc80_m.png",
    "title": "Dantų pasta JORDAN „GREEN CLEAN GENTLE WHITENING“, 75 ml",
    "price": "3.49",
    "price_2": null,
    "extra_info": "2 ar daugiau su –40%"
  },
  {
    "image_url": "https://cdn.barbora.lt/products/e7be5df1-6881-479a-ae13-76bd60e05f14_m.png",
    "title": "Plaukų šampūnas SCHAUMA ROSE OIL 2IN1, 400 ml",
    "price": "4.59",
    "price_2": null,
    "extra_info": "2 ar daugiau su –40%"
  },
  {
    "image_url": "https://cdn.barbora.lt/products/420ce7ef-387d-4826-b9ea-98402929fe63_m.png",
    "title": "Pjaust. vytintų mėsos gaminių asorti IBERICO ESPANA, nerūš., 150 g",
    "price": "7.99",
    "price_2": null,
    "extra_info": "2 ar daugiau su –20%"
  },
  {
    "image_url": "https://cdn.barbora.lt/products/61a449af-4f84-4eb0-8c1f-f656b25f6dbf_m.png",
    "title": "Dantų pasta JORDAN MANGO MINT, 50 ml",
    "price": "3.49",
    "price_2": null,
    "extra_info": "2 ar daugiau su –40%"
  },
  {
    "image_url": "https://cdn.barbora.lt/products/9adab410-77d2-4a79-99b5-b2b9241f7f65_m.png",
    "title": "Dantų pasta COLGATE MAX WHITE ULTRA ACTIVE FOAM, 50 ml",
    "price": "9.49",
    "price_2": null,
    "extra_info": "2 ar daugiau su –40%"
  },
  {
    "image_url": "https://cdn.barbora.lt/products/c7db7684-577f-4249-9eb1-e207d287bc11_m.png",
    "title": "Plaukų šampūnas GARNIER FRUCTIS , 400 ml",
    "price": "6.29",
    "price_2": null,
    "extra_info": "2 ar daugiau su –40%"
  },
  {
    "image_url": "https://cdn.barbora.lt/products/88a49094-f1ba-4703-a6da-61f1f2e8d482_m.png",
    "title": "Ekologiška biri japoniška žalioji arbata MOYA GENMAICHA, 60 g",
    "price": "10.99",
    "price_2": null,
    "extra_info": "2 ar daugiau su –25%"
  },
  {
    "image_url": "https://cdn.barbora.lt/products/ecab3529-d585-4bde-8ac6-15df0ad54385_m.png",
    "title": "Malti ekologiški kardamonai SANTA MARIA, 32 g",
    "price": "8.49",
    "price_2": null,
    "extra_info": "2 ar daugiau su –50%"
  },
  {
    "image_url": "https://cdn.barbora.lt/products/5868e5ab-da39-4a6f-95f1-da8417a3ad37_m.png",
    "title": "Vyriškas pieštukinis antiperspirantas NIVEA SILVER PROTECT, 50 ml",
    "price": "2.69",
    "price_2": "53,8€/l",
    "extra_info": "–50%"
  },
  {
    "image_url": "https://cdn.barbora.lt/products/f0447241-88db-4521-a81c-1e44839fb113_m.png",
    "title": "NIVEA® DERMA SKIN CLEAR tonikas į bėrimus linkusiai odai, 200 ml",
    "price": "3.99",
    "price_2": "19,95€/l",
    "extra_info": "–50%"
  },
  {
    "image_url": "https://cdn.barbora.lt/products/53b60142-159d-45ab-a409-6d1f35f3449c_m.png",
    "title": "Higieniniai įklotai CAREFREE ORGANIC COTTON, 30 vnt.",
    "price": "3.49",
    "price_2": "0,12€/vnt.",
    "extra_info": "–30%"
  },
  {
    "image_url": "https://cdn.barbora.lt/products/3a568cf4-b7c0-4f12-9583-b614459ae073_m.png",
    "title": "Plaukų šampūnas L'OREAL ELSEVE , 200 ml",
    "price": "10.99",
    "price_2": null,
    "extra_info": "2 ar daugiau su –40%"
  },
  {
    "image_url": "https://cdn.barbora.lt/products/54a46161-10a3-4099-9cf8-71f9bf08fc85_m.png",
    "title": "HAPPY Baby dušo želė 2in1 400ml",
    "price": "6.49",
    "price_2": null,
    "extra_info": "2 ar daugiau su –40%"
  },
  {
    "image_url": "https://cdn.barbora.lt/products/254aa0b5-269c-44e0-a9db-3328bc531d60_m.png",
    "title": "Odinių paviršių servetėlės TURTLE WAX, 1 vnt.",
    "price": "2.49",
    "price_2": "2,49€/vnt.",
    "extra_info": "–50%"
  },
  {
    "image_url": "https://cdn.barbora.lt/products/78bbb635-207e-48c2-8976-ffa74c25e2d7_m.png",
    "title": "Plaukų kaukė GLISS 4IN1 REGENERATION, 400 ml",
    "price": "9.49",
    "price_2": null,
    "extra_info": "2 ar daugiau su –40%"
  },
  {
    "image_url": "https://cdn.barbora.lt/products/86228172-9b5f-49bd-99fc-92a81e813291_m.png",
    "title": "Kūno prausiklis FAITH IN NATURE LEVANDER&GERANIUM, 400 ml",
    "price": "5.59",
    "price_2": "13,98€/l",
    "extra_info": "–30%"
  },
  {
    "image_url": "https://cdn.barbora.lt/products/9e698110-f3f3-4940-89a5-c80709030e07_m.png",
    "title": "Plaukų šampūnas HEAD&SHOULDERS Apple 2in1, 330 ml",
    "price": "8.49",
    "price_2": null,
    "extra_info": "2 ar daugiau su –40%"
  },
  {
    "image_url": "https://cdn.barbora.lt/products/ecc97cdb-631f-4518-96a2-3ac43c54e7f3_m.png",
    "title": "Plaukų serumas SYOSS Intense Plex, 100 ml",
    "price": "11.49",
    "price_2": null,
    "extra_info": "2 ar daugiau su –40%"
  },
  {
    "image_url": "https://cdn.barbora.lt/products/48bf8e23-ed76-455d-b962-42e5718991e3_m.png",
    "title": "Plaukų šampūnas SYOSS Intense Plex, 440 ml",
    "price": "7.49",
    "price_2": null,
    "extra_info": "2 ar daugiau su –40%"
  },
  {
    "image_url": "https://cdn.barbora.lt/products/62cbf48a-fcf1-4c6e-978e-f8dc6ab6a1a2_m.png",
    "title": "Elektrinio dantų šepetėlio galvutės ORAL-B Kids Frozen Pro, 4 vnt.",
    "price": "25.99",
    "price_2": null,
    "extra_info": "2 ar daugiau su –40%"
  },
  {
    "image_url": "https://cdn.barbora.lt/products/59cbeac6-f12b-46bf-ba46-daa4886ec716_m.png",
    "title": "Higieniniai paketai ALWAYS Platinum Secure Night, S4, 20 vnt.",
    "price": "5.59",
    "price_2": "0,28€/vnt.",
    "extra_info": "–30%"
  },
  {
    "image_url": "https://cdn.barbora.lt/products/ca0b475f-5aa2-447f-8f08-ad9223d371ea_m.png",
    "title": "Higieniniai įklotai CAREFREE ALOE, 20 vnt.",
    "price": "1.65",
    "price_2": "0,08€/vnt.",
    "extra_info": "–31%"
  },
  {
    "image_url": "https://cdn.barbora.lt/products/0a5065b9-f177-4c6f-a181-e0dc75a4ab32_m.png",
    "title": "NIVEA MEN dušo želė DEEP EXTR.MAXX 500ml",
    "price": "3.39",
    "price_2": "6,78€/l",
    "extra_info": "–51%"
  },
  {
    "image_url": "https://cdn.barbora.lt/products/e1678630-a39b-47ad-ae3d-656eca1bcfc1_m.png",
    "title": "Plaukų šampūnas HEAD&SHOULDERS CITRUS;800ml",
    "price": "13.99",
    "price_2": null,
    "extra_info": "2 ar daugiau su –40%"
  },
  {
    "image_url": "https://cdn.barbora.lt/products/f308d68f-5b6b-4f2c-816a-f41cbc0b8894_m.png",
    "title": "Plaukų dažai GARNIER OLIA, Nr. 6.0, 1 vnt.",
    "price": "9.49",
    "price_2": null,
    "extra_info": "2 ar daugiau su –40%"
  },
  {
    "image_url": "https://cdn.barbora.lt/products/da47e196-12a1-4d41-a559-7ccbdb594320_m.png",
    "title": "Plaukų kondicionierius PANTENE Aqua Light Active Nutri-Plex, 275 ml",
    "price": "6.89",
    "price_2": null,
    "extra_info": "2 ar daugiau su –40%"
  },
  {
    "image_url": "https://cdn.barbora.lt/products/5323ef1e-8567-49cb-8aa4-4aa86e936b3b_m.png",
    "title": "Plaukų kondicionierius PANTENE Thick&Strong Active Nutri-Plex, 275 ml",
    "price": "6.89",
    "price_2": null,
    "extra_info": "2 ar daugiau su –40%"
  },
  {
    "image_url": "https://cdn.barbora.lt/products/c65d1a78-7af0-4d09-99d6-68558fe27399_m.png",
    "title": "Plaukų šampūnas, kondicionierius ir intensyvi priežiūra PANTENE Thick&Strong 3in1, 325 ml",
    "price": "5.89",
    "price_2": null,
    "extra_info": "2 ar daugiau su –40%"
  },
  {
    "image_url": "https://cdn.barbora.lt/products/4fc5a984-5c12-4a8c-9d36-8db2981ddd41_m.png",
    "title": "Plaukų šampūnas PANTENE Intensive Repair Active Nutri-Plex, 90 ml",
    "price": "2.29",
    "price_2": null,
    "extra_info": "2 ar daugiau su –40%"
  },
  {
    "image_url": "https://cdn.barbora.lt/products/ee1ad19d-d33c-490b-a2d0-874d0f9dad57_m.png",
    "title": "ODA PRO Daugiafunkcinis prausiklis su azelaino rūgštimi",
    "price": "16.75",
    "price_2": "83,75€/l",
    "extra_info": "–30%"
  },
  {
    "image_url": "https://cdn.barbora.lt/products/491fb9a0-9f26-45cc-9c58-9510c9dcb7ea_m.png",
    "title": "K. rūkytos, vytintos KABANOS dešrelės WELL DONE, nerūš., 300 g",
    "price": "3.49",
    "price_2": "11,64€/kg",
    "extra_info": "–18%"
  },
  {
    "image_url": "https://cdn.barbora.lt/products/2e3aaf34-583a-4024-9580-e66d8c113582_m.png",
    "title": "ELSEVE  šampūnas 250ml",
    "price": "5.39",
    "price_2": null,
    "extra_info": "2 ar daugiau su –40%"
  },
  {
    "image_url": "https://cdn.barbora.lt/products/6a1dc3e2-3df4-40d4-b12e-ade38995a765_m.png",
    "title": "ELSEVE  balzamas 200ml",
    "price": "5.39",
    "price_2": null,
    "extra_info": "2 ar daugiau su –40%"
  },
  {
    "image_url": "https://cdn.barbora.lt/products/3a2addb0-bc3e-474a-8e19-c22c658d8534_m.png",
    "title": "ELSEVE  plaukų kremas 200 ml",
    "price": "7.99",
    "price_2": null,
    "extra_info": "2 ar daugiau su –40%"
  },
  {
    "image_url": "https://cdn.barbora.lt/products/40f63bc3-8d2e-4881-a7d8-762d9ab2e994_m.png",
    "title": "Moteriškas pieštukinis dezodorantas REXONA COTTON DRY, 50 ml",
    "price": "2.09",
    "price_2": "41,8€/l",
    "extra_info": "–51%"
  },
  {
    "image_url": "https://cdn.barbora.lt/products/428cc37a-325c-41ba-8334-49386a6dcd94_m.png",
    "title": "Moteriškas pieštukinis dezodorantas REXONA ACTIVE SHIELD, 50 ml",
    "price": "2.09",
    "price_2": "41,8€/l",
    "extra_info": "–51%"
  },
  {
    "image_url": "https://cdn.barbora.lt/products/5ca0abf5-5451-4e84-a916-82ceee3f85db_m.png",
    "title": "Moteriškas pieštukinis dezodorantas REXONA ALOE VERA, 50 ml",
    "price": "2.09",
    "price_2": "41,8€/l",
    "extra_info": "–51%"
  },
  {
    "image_url": "https://cdn.barbora.lt/products/9a207f41-8215-4095-9f78-01ae8f2954cd_m.png",
    "title": "Fructis Keratin Sleek plaukų kaukė, 370ml",
    "price": "10.59",
    "price_2": null,
    "extra_info": "2 ar daugiau su –40%"
  },
  {
    "image_url": "https://cdn.barbora.lt/products/e1e923d7-8fd1-4ca0-8530-6c1bf7218e9c_m.png",
    "title": "Minnie 2D Shower Gel & Shampoo 2 in 1 400 ml",
    "price": "7.99",
    "price_2": null,
    "extra_info": "2 ar daugiau su –40%"
  },
  {
    "image_url": "https://cdn.barbora.lt/products/93f59b52-f828-4d2c-838b-4141d6c580c7_m.png",
    "title": "GREEN FEEL'S stiprinantis kondicionierius su 7 žolelių ekstraktu 250ml",
    "price": "5.49",
    "price_2": null,
    "extra_info": "2 ar daugiau su –40%"
  },
  {
    "image_url": "https://cdn.barbora.lt/products/c1461abf-d69f-4335-b381-446a51114776_m.png",
    "title": "Šampūnas ir dušo želė vaikams Bubchen Squirtle 230 ml",
    "price": "4.49",
    "price_2": null,
    "extra_info": "2 ar daugiau su –40%"
  },
  {
    "image_url": "https://cdn.barbora.lt/products/d56d2509-a2a7-4d55-9257-9bc456711ee5_m.png",
    "title": "NIVEA GLOWY LIPS lūpų balzamas, 10 ml",
    "price": "2.99",
    "price_2": "299€/l",
    "extra_info": "–50%"
  },
  {
    "image_url": "https://cdn.barbora.lt/products/44f4a7c0-a919-44da-8605-b64b07ca3df0_m.png",
    "title": "Plaukų šampūnas PANTENE Hydration Recharge Active Nutri-Plex, 400 ml",
    "price": "6.99",
    "price_2": null,
    "extra_info": "2 ar daugiau su –40%"
  },
  {
    "image_url": "https://cdn.barbora.lt/products/51265778-a7f9-4a79-8810-d31be16036e5_m.png",
    "title": "Intensyvus plaukų kondicionierius PANTENE Hydration Recharge Active Nutri-Plex, 3 minutes miracles,",
    "price": "7.19",
    "price_2": null,
    "extra_info": "2 ar daugiau su –40%"
  },
  {
    "image_url": "https://cdn.barbora.lt/products/4fd02328-bd0a-4eed-bd5d-381e3f994279_m.png",
    "title": "Žalioji japoniška arbata GENMAICHA SKONIS IR KVAPAS, 70 g",
    "price": "7.99",
    "price_2": null,
    "extra_info": "2 ar daugiau su –25%"
  },
  {
    "image_url": "https://cdn.barbora.lt/products/c8103b6e-752f-43be-98cd-eb1505af2851_m.png",
    "title": "Patalynės komplektas 140x200/50x70cm lapai",
    "price": "15.99",
    "price_2": null,
    "extra_info": "2 ar daugiau su –40%"
  },
  {
    "image_url": "https://cdn.barbora.lt/products/20a02f97-01de-4cce-8adf-7071cfeff1d5_m.png",
    "title": "Paklodė su guma 140x200+30cm,t.pilka",
    "price": "10.99",
    "price_2": null,
    "extra_info": "2 ar daugiau su –40%"
  },
  {
    "image_url": "https://cdn.barbora.lt/products/9ebec2ce-201d-4584-a328-22461c2c700d_m.png",
    "title": "Satininė paklodė su guma 140x200+30cm,š.pilka",
    "price": "14.99",
    "price_2": null,
    "extra_info": "2 ar daugiau su –40%"
  },
  {
    "image_url": "https://cdn.barbora.lt/products/05f7f80a-0005-475d-aa5c-4caaf31bace3_m.png",
    "title": "Paklodė su guma 90x200+30cm,pilka",
    "price": "7.99",
    "price_2": null,
    "extra_info": "2 ar daugiau su –40%"
  },
  {
    "image_url": "https://cdn.barbora.lt/products/c1efeb47-eaf1-4f59-9380-aeb613fa48c3_m.png",
    "title": "Satininė paklodė su guma 200x200+30cm,š. ruda",
    "price": "17.99",
    "price_2": null,
    "extra_info": "2 ar daugiau su –40%"
  },
  {
    "image_url": "https://cdn.barbora.lt/products/776a787b-4137-4f09-b616-ac45dfa1a034_m.png",
    "title": "Greitai paruošiami makaronai MAGGI ASIA PAD THAI, 128 g",
    "price": "1.61",
    "price_2": "12,58€/kg",
    "extra_info": "–40%"
  },
  {
    "image_url": "https://cdn.barbora.lt/products/9acb8acb-08ab-415a-bc1c-4626ca23fcc6_m.png",
    "title": "Higieniniai paketai ALWAYS Ultra Super Plus, S2, 8 vnt.",
    "price": "1.99",
    "price_2": "0,25€/vnt.",
    "extra_info": "–31%"
  },
  {
    "image_url": "https://cdn.barbora.lt/products/d763d1a4-0b76-4cb9-a3d2-a19094f0a216_m.png",
    "title": "Dažom. plaukų kremas PALETTE INTENSIVE COLOR CREME, Nr. 8-0, 1 vnt.",
    "price": "5.49",
    "price_2": null,
    "extra_info": "2 ar daugiau su –40%"
  },
  {
    "image_url": "https://cdn.barbora.lt/products/7e017d9d-bc3a-445d-a83d-5ce2ff406f41_m.png",
    "title": "PALETTE DELUXE plaukų dažai 4-99 (880) baklažano",
    "price": "7.79",
    "price_2": null,
    "extra_info": "2 ar daugiau su –40%"
  },
  {
    "image_url": "https://cdn.barbora.lt/products/a79e3949-a73d-42b2-bc82-2813d240d081_m.png",
    "title": "Plaukų dažai GARNIER COLOR NATURALS, Nr. 1, 1 vnt.",
    "price": "4.99",
    "price_2": null,
    "extra_info": "2 ar daugiau su –40%"
  },
  {
    "image_url": "https://cdn.barbora.lt/products/43bae36d-9ed0-421e-9e6c-c3de625c1e86_m.png",
    "title": "Plaukų dažai GARNIER COLOR NATURALS, Nr. 7.1, 1 vnt.",
    "price": "4.99",
    "price_2": null,
    "extra_info": "2 ar daugiau su –40%"
  },
  {
    "image_url": "https://cdn.barbora.lt/products/871af32a-3b53-4201-8402-64c7fa88739e_m.png",
    "title": "Plaukų dažai GARNIER COLOR NATURALS, Nr. 111, 1 vnt.",
    "price": "4.99",
    "price_2": null,
    "extra_info": "2 ar daugiau su –40%"
  },
  {
    "image_url": "https://cdn.barbora.lt/products/be0ef810-9b49-46ed-9730-610680e70252_m.png",
    "title": "Plaukų šampūnas HEAD&SHOULDERS Citrus, 400 ml",
    "price": "8.49",
    "price_2": null,
    "extra_info": "2 ar daugiau su –40%"
  },
  {
    "image_url": "https://cdn.barbora.lt/products/83d711ca-595c-47b2-858b-4a88aaf37490_m.png",
    "title": "Dažomasis plaukų kremas SYOSS, Nr. 3-1, 1 vnt.",
    "price": "8.99",
    "price_2": null,
    "extra_info": "2 ar daugiau su –40%"
  },
  {
    "image_url": "https://cdn.barbora.lt/products/51b2e308-9118-43f9-a229-fcc644dab1e3_m.png",
    "title": "Purumo suteikianti pudra GOT2B Powderfull, 10 g",
    "price": "10.69",
    "price_2": null,
    "extra_info": "2 ar daugiau su –40%"
  },
  {
    "image_url": "https://cdn.barbora.lt/products/172c836e-ad86-4df0-8f44-78ead6e1b2d2_m.png",
    "title": "Moteriškos pėdkelnės IMMAGINE MARLEN 40, 4 dydis, 1 vnt.",
    "price": "2.09",
    "price_2": "2,09€/vnt.",
    "extra_info": "–50%"
  },
  {
    "image_url": "https://cdn.barbora.lt/products/72366ae1-114b-4472-9342-9df7c39b8849_m.png",
    "title": "Moteriškos kojinaitės IMMAGINE Italiana Alba40(2p), universalus,nero,TI,6",
    "price": "1.34",
    "price_2": "0,67€/vnt.",
    "extra_info": "–50%"
  },
  {
    "image_url": "https://cdn.barbora.lt/products/34436066-578d-495a-ab4d-4adb0a4e1d02_m.png",
    "title": "Dažomasis plaukų kremas SYOSS OLEO INTENSE, Nr. 4-23, 1 vnt.",
    "price": "9.49",
    "price_2": null,
    "extra_info": "2 ar daugiau su –40%"
  },
  {
    "image_url": "https://cdn.barbora.lt/products/a728ef71-fe6f-4893-8a05-77d99b447903_m.png",
    "title": "Dažomasis plaukų kremas SYOSS OLEO INTENSE, Nr. 6-80, 1 vnt.",
    "price": "9.49",
    "price_2": null,
    "extra_info": "2 ar daugiau su –40%"
  },
  {
    "image_url": "https://cdn.barbora.lt/products/4ee4d06b-279d-4263-b0a3-2098072d4515_m.png",
    "title": "Moteriškos pėdkelnės ORI  CONFORTFIT 40,4,NERO,TI,3",
    "price": "2.74",
    "price_2": "2,74€/vnt.",
    "extra_info": "–50%"
  },
  {
    "image_url": "https://cdn.barbora.lt/products/3a19dd2d-ed55-47c2-8212-caf55053d9a9_m.png",
    "title": "Plaukų putos SYOSS Full Hair, 250 ml",
    "price": "8.19",
    "price_2": null,
    "extra_info": "2 ar daugiau su –40%"
  },
  {
    "image_url": "https://cdn.barbora.lt/products/49c9db55-7897-4198-b54e-14365b1968e3_m.png",
    "title": "Miltelinis gesintuvas, 1 kg, 1 vnt.",
    "price": "17.99",
    "price_2": null,
    "extra_info": "2 ar daugiau su –40%"
  },
  {
    "image_url": "https://cdn.barbora.lt/products/bb178f27-152a-4864-bc43-635489f6e4d8_m.png",
    "title": "Moteriškos pėdkelnės IMMAGINE Italiana Ledi20, 5 d., visone",
    "price": "1.04",
    "price_2": "1,04€/vnt.",
    "extra_info": "–50%"
  },
  {
    "image_url": "https://cdn.barbora.lt/products/6987d467-6059-411a-ad63-f34fda3da7c8_m.png",
    "title": "Vyr.šampūnas NATURA SIBERICA (ELNIO GALIA) nuo pleiskanų, 250 ml",
    "price": "6.59",
    "price_2": null,
    "extra_info": "2 ar daugiau su –40%"
  },
  {
    "image_url": "https://cdn.barbora.lt/products/7570461f-1864-4f9f-90d8-a226d605e5fa_m.png",
    "title": "Vyriškas šampūnas NATURA SIBERICA, 250 ml",
    "price": "6.59",
    "price_2": null,
    "extra_info": "2 ar daugiau su –40%"
  },
  {
    "image_url": "https://cdn.barbora.lt/products/c4bbec44-125e-4b7e-835b-a1dbc8f6b503_m.png",
    "title": "Automobilio oro gaiviklis WUNDER-BAUM, ARTIC WHITE, 1 vnt.",
    "price": "1.49",
    "price_2": null,
    "extra_info": "2 ar daugiau su –40%"
  },
  {
    "image_url": "https://cdn.barbora.lt/products/16ee639b-b3aa-4d87-a95a-a4243f6507be_m.png",
    "title": "PRESTO aromatizuota žalioji arbata su ženšeniu ir citrinomis, 80 g",
    "price": "1.99",
    "price_2": null,
    "extra_info": "2 ar daugiau su –25%"
  },
  {
    "image_url": "https://cdn.barbora.lt/products/ca2a232c-d54a-4538-8a6c-bae06c3ffda1_m.png",
    "title": "Plaukų šampūnas HEAD&SHOULDERS Nourish, 400ml",
    "price": "8.49",
    "price_2": null,
    "extra_info": "2 ar daugiau su –40%"
  },
  {
    "image_url": "https://cdn.barbora.lt/products/c71cd705-e22d-4d8d-bd3c-291e4b03a275_m.png",
    "title": "Vyriškas pieštukinis dezodorantas DOVE COOL FRESH, 50 ml",
    "price": "2.29",
    "price_2": "45,8€/l",
    "extra_info": "–50%"
  },
  {
    "image_url": "https://cdn.barbora.lt/products/ac83e22b-5364-4b6f-8942-218bd2b811dd_m.png",
    "title": "Juodoji arbata BASILUR UVA, 50 g",
    "price": "2.09",
    "price_2": null,
    "extra_info": "2 ar daugiau su –25%"
  },
  {
    "image_url": "https://cdn.barbora.lt/products/777d9682-c444-44b1-abc8-45c41c139505_m.png",
    "title": "Moteriškos pėdkelnės ORI  Attiva Body 40den 2 nero",
    "price": "1.99",
    "price_2": "1,99€/vnt.",
    "extra_info": "–50%"
  },
  {
    "image_url": "https://cdn.barbora.lt/products/b8d593ac-1ef5-4de2-9bb6-08670fbcc2cf_m.png",
    "title": "Moteriškos pėdkelnės ORI  Talia40, 4 d.,nero",
    "price": "3.39",
    "price_2": "3,39€/vnt.",
    "extra_info": "–50%"
  },
  {
    "image_url": "https://cdn.barbora.lt/products/a51e23fc-21ac-4db7-b3ff-e8254c13d761_m.png",
    "title": "Citrininiai kepsnių prieskoniai su žolelėmis SANTA MARIA, 35 g",
    "price": "1.49",
    "price_2": null,
    "extra_info": "2 ar daugiau su –50%"
  },
  {
    "image_url": "https://cdn.barbora.lt/products/d42daeb3-26ab-4dd2-bf53-0dbeef8bb705_m.png",
    "title": "NIVEA gaivinantis micelinis vanduo su aminorūgštimi ir vitaminu E normaliai odai, 400 ml",
    "price": "4.39",
    "price_2": "10,98€/l",
    "extra_info": "–50%"
  },
  {
    "image_url": "https://cdn.barbora.lt/products/6ec153cc-1a56-4b7d-a3a0-0b98539cfc0b_m.png",
    "title": "Plaukų šampūnas GARNIER FRUCTIS, 250 ml",
    "price": "4.49",
    "price_2": null,
    "extra_info": "2 ar daugiau su –40%"
  },
  {
    "image_url": "https://cdn.barbora.lt/products/b16a46ec-7195-430f-9a0e-59428e5f76b8_m.png",
    "title": "Higieniniai paketai ALWAYS Platinum Super Plus, S2, 7 vnt.",
    "price": "1.99",
    "price_2": "0,28€/vnt.",
    "extra_info": "–31%"
  },
  {
    "image_url": "https://cdn.barbora.lt/products/7a5aeace-e0b7-415a-948c-3feb14444041_m.png",
    "title": "Sausainiai BEZGLUTEN su kokosiniu pertepimu (be glitimo), 210 g",
    "price": "5.19",
    "price_2": null,
    "extra_info": "2 ar daugiau su –25%"
  },
  {
    "image_url": "https://cdn.barbora.lt/products/21a42486-3c85-4128-8b76-1412e4a03bf7_m.png",
    "title": "Dantų pasta WELEDA su medetkų ekstraktu, 75 ml",
    "price": "6.29",
    "price_2": null,
    "extra_info": "2 ar daugiau su –40%"
  },
  {
    "image_url": "https://cdn.barbora.lt/products/a9cdeef8-a260-418e-8b8c-f006759b8e93_m.png",
    "title": "Magnetinis automobilinis telefono laikiklis CT-201, 1 vnt.",
    "price": "4.99",
    "price_2": null,
    "extra_info": "2 ar daugiau su –40%"
  },
  {
    "image_url": "https://cdn.barbora.lt/products/63d2f392-5b9e-4382-8e8d-16a0208a9063_m.png",
    "title": "Plaukų dažai SYOSS (10-55, COOL BLOND), 1 vnt.",
    "price": "8.99",
    "price_2": null,
    "extra_info": "2 ar daugiau su –40%"
  },
  {
    "image_url": "https://cdn.barbora.lt/products/72ef0f6d-0312-42f2-9ccb-81c404887681_m.png",
    "title": "Moteriškos pėdkelnės  ORI Cristal20, 5 d.,nature",
    "price": "1.84",
    "price_2": "1,84€/vnt.",
    "extra_info": "–50%"
  },
  {
    "image_url": "https://cdn.barbora.lt/products/ba2d9975-e4c1-4e7b-8884-44a80cdcc3da_m.png",
    "title": "Moteriškos pėdkelnės ORI POWER SLIM 40, NERO, 3 d., 1 vnt.",
    "price": "3.74",
    "price_2": "3,74€/vnt.",
    "extra_info": "–50%"
  },
  {
    "image_url": "https://cdn.barbora.lt/products/01afd19f-4e25-46c9-a14b-12cc449a352f_m.png",
    "title": "Moteriškos pėdkelnės ORI POWER SLIM 40, NERO, 5 d., 1 vnt.",
    "price": "3.74",
    "price_2": "3,74€/vnt.",
    "extra_info": "–50%"
  },
  {
    "image_url": "https://cdn.barbora.lt/products/93a8a6af-94b2-4902-9257-387e8a960d33_m.png",
    "title": "Sintetinė alyva SHELL HELIX HX8 5W-30, 4 L, 4 l",
    "price": "49.99",
    "price_2": null,
    "extra_info": "2 ar daugiau su –40%"
  },
  {
    "image_url": "https://cdn.barbora.lt/products/34d42fac-4d21-489e-aa9f-74e66e9b5c90_m.png",
    "title": "NIVEA CELLULAR „EXPERT LIFT” naktinis kremas, 50 ml",
    "price": "10.69",
    "price_2": "213,8€/l",
    "extra_info": "–50%"
  },
  {
    "image_url": "https://cdn.barbora.lt/products/7ea715dc-0c8f-4e74-86d2-e3e9355ef72c_m.png",
    "title": "Plaukų kondicionierius-kaukė GREEN FEEL'S, 200 ml",
    "price": "4.49",
    "price_2": null,
    "extra_info": "2 ar daugiau su –40%"
  },
  {
    "image_url": "https://cdn.barbora.lt/products/e471056b-2ab9-4001-b579-fe6ff7b456a8_m.png",
    "title": "Sausainiai M&M'S, 180 g",
    "price": "3.99",
    "price_2": null,
    "extra_info": "2 ar daugiau su –25%"
  },
  {
    "image_url": "https://cdn.barbora.lt/products/a330447c-9c8b-47ab-b752-2e820b0e6012_m.png",
    "title": "Vyriškas purškiamasis dezodorantas REXONA WORKOUT, 150 ml",
    "price": "2.09",
    "price_2": "13,93€/l",
    "extra_info": "–51%"
  },
  {
    "image_url": "https://cdn.barbora.lt/products/fb38dfa7-f370-40f2-ae32-04d97ed86698_m.png",
    "title": "NIVEA MEN SENSITIVE drėkinamasis veido kremas, 50 ml",
    "price": "4.89",
    "price_2": "97,8€/l",
    "extra_info": "–51%"
  },
  {
    "image_url": "https://cdn.barbora.lt/products/373ff6c3-f7cc-42aa-a062-a527428a4efe_m.png",
    "title": "Bambukinis dantų šepetėlis HUMBLE B.su aktyvintomis anglimis, 1 vnt.",
    "price": "4.19",
    "price_2": null,
    "extra_info": "2 ar daugiau su –40%"
  },
  {
    "image_url": "https://cdn.barbora.lt/products/1f549f7e-a1c6-458a-9b5b-360d350010ef_m.png",
    "title": "NIVEA MEN dušo želė vyrams POWER, 500 ml",
    "price": "3.39",
    "price_2": "6,78€/l",
    "extra_info": "–51%"
  },
  {
    "image_url": "https://cdn.barbora.lt/products/faea6618-e724-4db4-bcf9-b6891b337cc2_m.png",
    "title": "Dušo gelis NIVEA, 500 ml",
    "price": "3.39",
    "price_2": "6,78€/l",
    "extra_info": "–51%"
  },
  {
    "image_url": "https://cdn.barbora.lt/products/c023e740-bc11-4141-b9d0-7224fd057a36_m.png",
    "title": "Oro gaiviklis LITTLE JOE MINI, braškių kvapo, 1 vnt.",
    "price": "3.99",
    "price_2": null,
    "extra_info": "2 ar daugiau su –40%"
  },
  {
    "image_url": "https://cdn.barbora.lt/products/75e96aa3-c7d4-48bc-86e3-5e7fc78eb387_m.png",
    "title": "Purškiamas plaukų kondicionierius PANTENE SOS Shine, 150 ml",
    "price": "4.49",
    "price_2": null,
    "extra_info": "2 ar daugiau su –40%"
  },
  {
    "image_url": "https://cdn.barbora.lt/products/2e6f2962-942a-4526-8f77-4e403167601c_m.png",
    "title": "NIVEA MEN losjonas po skutimosi FRESH KICK, 100 ml",
    "price": "5.99",
    "price_2": "59,9€/l",
    "extra_info": "–50%"
  },
  {
    "image_url": "https://cdn.barbora.lt/products/4838abb9-ad1b-4d4b-88b5-aef372f8c5e1_m.png",
    "title": "Vyriškos kojinės SPARTA, 3 vnt.",
    "price": "4.49",
    "price_2": "1,5€/vnt.",
    "extra_info": "–50%"
  },
  {
    "image_url": "https://cdn.barbora.lt/products/0164c62e-3949-47ad-b7b1-86d03822d331_m.png",
    "title": "Konservuotas kačių ėdalas LOVETT su lašiša, 100 g, 100 g",
    "price": "0.38",
    "price_2": "3,8€/kg",
    "extra_info": "–31%"
  },
  {
    "image_url": "https://cdn.barbora.lt/products/82b1daf0-fac9-4e98-bba1-ab94ee487236_m.png",
    "title": "Dantų pasta LACALUT MULTI-EFFECT PLUS, 75 ml",
    "price": "3.19",
    "price_2": "42,53€/l",
    "extra_info": "–36%"
  },
  {
    "image_url": "https://cdn.barbora.lt/products/0ee03ad1-79c9-471f-b1b7-f5d7a160aa38_m.png",
    "title": "Vyriškos boksinukės SPARTA, M",
    "price": "4.99",
    "price_2": "4,99€/vnt.",
    "extra_info": "–50%"
  },
  {
    "image_url": "https://cdn.barbora.lt/products/0b3f9d4c-485b-4d6f-8021-c26f9868dc34_m.png",
    "title": "Vyriškos boksinukės SPARTA, L",
    "price": "4.99",
    "price_2": "4,99€/vnt.",
    "extra_info": "–50%"
  },
  {
    "image_url": "https://cdn.barbora.lt/products/cbf7d719-20fb-42fb-8c94-619b32b517dc_m.png",
    "title": "Greitai paruošiami makaronai MAGGI ASIA PEANUT SATE, 75 g",
    "price": "1.31",
    "price_2": "17,47€/kg",
    "extra_info": "–40%"
  },
  {
    "image_url": "https://cdn.barbora.lt/products/b224c715-90f8-4fb2-8cb4-2617e3613d71_m.png",
    "title": "Vaikiškos kojinės, SEVEN LEMON, 1 pora, dydis 25-27, medvilnė",
    "price": "1.49",
    "price_2": null,
    "extra_info": "2 ar daugiau su –40%"
  },
  {
    "image_url": "https://cdn.barbora.lt/products/1290289d-2f4b-490c-ac42-cc8f64693545_m.png",
    "title": "Vaikiškos kojinės, SEVEN LEMON, 1 pora, dydis 28-30, medvilnė",
    "price": "1.49",
    "price_2": null,
    "extra_info": "2 ar daugiau su –40%"
  },
  {
    "image_url": "https://cdn.barbora.lt/products/9e4ed52d-8b2b-48c9-b188-a5bb804b3938_m.png",
    "title": "Higieniniai paketai ALWAYS Platinum Super, S2, 26vnt",
    "price": "5.59",
    "price_2": "0,22€/vnt.",
    "extra_info": "–30%"
  },
  {
    "image_url": "https://cdn.barbora.lt/products/77468414-995c-4e1c-aa53-33e3c63a98b0_m.png",
    "title": "Baltoji arbata PRESTO. BALTAS SAPNAS, 60 g",
    "price": "2.19",
    "price_2": null,
    "extra_info": "2 ar daugiau su –25%"
  },
  {
    "image_url": "https://cdn.barbora.lt/products/833a5bfa-88b6-42e9-a400-d81bcf5adbfb_m.png",
    "title": "Vyriškos trumpikės SPARTA, 2 vnt., M dydis",
    "price": "9.74",
    "price_2": "4,87€/vnt.",
    "extra_info": "–50%"
  },
  {
    "image_url": "https://cdn.barbora.lt/products/3b2a5773-a482-496d-8bda-3721934e238c_m.png",
    "title": "Moteriškas purškiamasis dezodorantas REXONA PINK BLUSH, 150 ml",
    "price": "2.09",
    "price_2": "13,93€/l",
    "extra_info": "–51%"
  },
  {
    "image_url": "https://cdn.barbora.lt/products/79c32822-09d7-43e3-8827-32a3593da088_m.png",
    "title": "ECODENTA gaivus ir dantenas apsaugantis skalavimo skystis su arbatmedžio aliejumi 500 ml",
    "price": "6.35",
    "price_2": null,
    "extra_info": "2 ar daugiau su –40%"
  },
  {
    "image_url": "https://cdn.barbora.lt/products/9972ab47-98ae-4913-86de-a0aa211b8e68_m.png",
    "title": "Elektrinis dantų šepetėlis ORAL-B Vitality Pro, Black, 1 vnt.",
    "price": "45.99",
    "price_2": null,
    "extra_info": "2 ar daugiau su –40%"
  },
  {
    "image_url": "https://cdn.barbora.lt/products/413916ad-0aaf-42b2-bb43-34bc02bf5f44_m.png",
    "title": "Mikropluošto šluostė ROTZ, 30 x 40cm",
    "price": "1.49",
    "price_2": null,
    "extra_info": "2 ar daugiau su –40%"
  },
  {
    "image_url": "https://cdn.barbora.lt/products/7a11ccf5-86b1-47d7-a2eb-3780e18e0f12_m.png",
    "title": "Dantų pasta COLGATE MAX WHITE PURPLE REVEAL, 75 ml",
    "price": "9.99",
    "price_2": null,
    "extra_info": "2 ar daugiau su –40%"
  },
  {
    "image_url": "https://cdn.barbora.lt/products/5c79abf6-815e-4c07-b77c-adcc555e7d82_m.png",
    "title": "Plaukų kondicionierius GARNIER FRUCTIS HAIR , 350 ml",
    "price": "7.99",
    "price_2": null,
    "extra_info": "2 ar daugiau su –40%"
  },
  {
    "image_url": "https://cdn.barbora.lt/products/cae32305-9401-452e-a00a-c1e3cca199ad_m.png",
    "title": "Automobilių oro gaiviklis AREON SMILE TOY VANILLA, 1 vnt.",
    "price": "2.99",
    "price_2": null,
    "extra_info": "2 ar daugiau su –40%"
  },
  {
    "image_url": "https://cdn.barbora.lt/products/b6383217-1330-4e4d-a6e9-4be10bcf2a6a_m.png",
    "title": "NIVEA Fresh Sensation purškiamasis antiperspirantas vyrams, 150 ml",
    "price": "2.39",
    "price_2": "15,93€/l",
    "extra_info": "–50%"
  },
  {
    "image_url": "https://cdn.barbora.lt/products/0a4b03ba-52a3-435c-b3ae-cba6f72a6e06_m.png",
    "title": "Prieššampūnė plaukų priemonė L'OREAL ELSEVE , 200 ml",
    "price": "14.99",
    "price_2": null,
    "extra_info": "2 ar daugiau su –40%"
  },
  {
    "image_url": "https://cdn.barbora.lt/products/b60ed369-5d10-4065-8bcf-09908e227f8b_m.png",
    "title": "Dantų pasta ORAL-B Pro Expert Advanced, Extra Whitening, 75 ml",
    "price": "6.29",
    "price_2": null,
    "extra_info": "2 ar daugiau su –40%"
  },
  {
    "image_url": "https://cdn.barbora.lt/products/d7d5b27b-d512-4b20-937a-1419e44ea67a_m.png",
    "title": "Moteriškos pėdkelnės IMG FIT UP 40 , 5 dydis, nero",
    "price": "3.19",
    "price_2": "3,19€/vnt.",
    "extra_info": "–50%"
  },
  {
    "image_url": "https://cdn.barbora.lt/products/957c2564-e787-495d-916b-c75418338df3_m.png",
    "title": "Biri žalioji arbata ETNO. GUNPOWDER, 80 g",
    "price": "5.49",
    "price_2": null,
    "extra_info": "2 ar daugiau su –25%"
  },
  {
    "image_url": "https://cdn.barbora.lt/products/205bf828-6f44-4cfa-9729-35c455116bb1_m.png",
    "title": "Patalynės komplektas, 140 x 200 cm, 1 vnt. 50 x 70 cm, 1 vnt.",
    "price": "15.99",
    "price_2": null,
    "extra_info": "2 ar daugiau su –40%"
  },
  {
    "image_url": "https://cdn.barbora.lt/products/4dc26d1c-9a0e-4060-9719-a8a9c2ec895a_m.png",
    "title": "Automobilių oro gaiviklis ROTZ BUBBLE GUM, 1 vnt.",
    "price": "1.19",
    "price_2": null,
    "extra_info": "2 ar daugiau su –40%"
  },
  {
    "image_url": "https://cdn.barbora.lt/products/f4e85af9-f7ed-4414-9e37-66ba0204c2c3_m.png",
    "title": "Plaukų šampūnas PANTENE Bond Repair, 250 ml",
    "price": "7.19",
    "price_2": null,
    "extra_info": "2 ar daugiau su –40%"
  },
  {
    "image_url": "https://cdn.barbora.lt/products/56989837-9ed7-43e8-b852-1a85c2725a03_m.png",
    "title": "Plaukų šampūnas FAITH IN NATURE DRAGON FRUIT, 400 ml",
    "price": "6.29",
    "price_2": "15,73€/l",
    "extra_info": "–30%"
  },
  {
    "image_url": "https://cdn.barbora.lt/products/643853e2-44b4-4ca6-a534-fb34d7eb2de2_m.png",
    "title": "Plaukų purškiklis GARNIER FRUCTIS CURLS METHOD, 150 ml",
    "price": "9.99",
    "price_2": null,
    "extra_info": "2 ar daugiau su –40%"
  },
  {
    "image_url": "https://cdn.barbora.lt/products/070a519c-e8f7-4470-9ae0-74c38b60057a_m.png",
    "title": "Moteriškas purškiamasis dezodorantas REXONA ALOE VERA, 150 ml",
    "price": "2.49",
    "price_2": "16,6€/l",
    "extra_info": "–50%"
  },
  {
    "image_url": "https://cdn.barbora.lt/products/f5fe8630-bb1e-41ed-be9f-38b53dd9fa8e_m.png",
    "title": "Vyriškas purškiamasis dezodorantas REXONA COBALT DRY, 150 ml",
    "price": "2.49",
    "price_2": "16,6€/l",
    "extra_info": "–50%"
  },
  {
    "image_url": "https://cdn.barbora.lt/products/bb01545a-7eca-478f-80b8-477485d6d437_m.png",
    "title": "Moteriškas purškiamasis antiperspirantas REXONA INVISIBLE AQ, 150 ml",
    "price": "2.49",
    "price_2": "16,6€/l",
    "extra_info": "–50%"
  },
  {
    "image_url": "https://cdn.barbora.lt/products/eeaeb963-98c9-44b0-b866-20ae5ca18c08_m.png",
    "title": "ECODENTA dantų pasta su mėlynių ekstraktu 100 ml",
    "price": "3.49",
    "price_2": null,
    "extra_info": "2 ar daugiau su –40%"
  },
  {
    "image_url": "https://cdn.barbora.lt/products/677bcfe3-0f67-4b1c-a812-b5d8475dff2b_m.png",
    "title": "Micelinis vanduo NIVEA, 400 ml",
    "price": "4.89",
    "price_2": "12,23€/l",
    "extra_info": "–51%"
  },
  {
    "image_url": "https://cdn.barbora.lt/products/9971af1b-067e-4953-ba98-1d7a0ba0990c_m.png",
    "title": "NIVEA Dry Comfort pieštukinis antiperspirantas moterims, 50 ml",
    "price": "2.69",
    "price_2": "53,8€/l",
    "extra_info": "–50%"
  },
  {
    "image_url": "https://cdn.barbora.lt/products/8c42d097-9a06-4894-bab1-07c1f194f9b3_m.png",
    "title": "Lazdelės su žaliosios arbatos skonio glaistu POCKY, 33 g",
    "price": "2.59",
    "price_2": null,
    "extra_info": "2 ar daugiau su –25%"
  },
  {
    "image_url": "https://cdn.barbora.lt/products/cee9ccfd-b177-4373-86b7-ae3d5c470e56_m.png",
    "title": "Dušo gelis ir šampūnas PAW PATROL MARSHALL 2IN1, 400 ml",
    "price": "7.99",
    "price_2": null,
    "extra_info": "2 ar daugiau su –40%"
  },
  {
    "image_url": "https://cdn.barbora.lt/products/d4724307-6ddf-4d62-98f9-9d8298630c6f_m.png",
    "title": "Kūdikių vienkartiniai paklotai CANPOL BABIES, 60 x 60 cm, 1 vnt.",
    "price": "8.99",
    "price_2": null,
    "extra_info": "2 ar daugiau su –40%"
  },
  {
    "image_url": "https://cdn.barbora.lt/products/0fd1c107-b1f0-4a3d-acca-f425b7a1c7fc_m.png",
    "title": "Plaukų kaukė AUSSIE SOS Hydrate, 500 ml",
    "price": "18.99",
    "price_2": null,
    "extra_info": "2 ar daugiau su –40%"
  },
  {
    "image_url": "https://cdn.barbora.lt/products/2dbc21dd-f1db-49f7-9101-5aaa8bcfae5d_m.png",
    "title": "Plaukų kondicionierius AUSSIE SOS Strength&Length, 200 ml",
    "price": "10.99",
    "price_2": null,
    "extra_info": "2 ar daugiau su –40%"
  },
  {
    "image_url": "https://cdn.barbora.lt/products/ebcd53ed-3a4d-4ca6-b935-3081d9d3663e_m.png",
    "title": "SCHAUMA Men Hair Booster plaukų šampūnas, 400ml",
    "price": "4.59",
    "price_2": null,
    "extra_info": "2 ar daugiau su –40%"
  },
  {
    "image_url": "https://cdn.barbora.lt/products/e8f232e8-1586-4622-827d-ef3c64859f6d_m.png",
    "title": "Plaukų purškiklis TAFTxGLISS LOVELY LONG, 150 ml",
    "price": "7.49",
    "price_2": null,
    "extra_info": "2 ar daugiau su –40%"
  },
  {
    "image_url": "https://cdn.barbora.lt/products/c3b721bb-514e-4369-a12c-dcdfc2067a60_m.png",
    "title": "NEUTROGENA Hydro Boost aqua valomasis gelis, 200ml",
    "price": "6.29",
    "price_2": "31,45€/l",
    "extra_info": "–30%"
  },
  {
    "image_url": "https://cdn.barbora.lt/products/b4cf60c2-d5fa-48ea-bd86-1b02720434a3_m.png",
    "title": "Liežuvio valiklis JORDAN CLINIC, 1 vnt.",
    "price": "5.59",
    "price_2": null,
    "extra_info": "2 ar daugiau su –40%"
  },
  {
    "image_url": "https://cdn.barbora.lt/products/a54dd825-d29c-4fa8-b0e1-8a3eb421ee98_m.png",
    "title": "Sausainiai OREO, vynuogių ir persikų skonio, 97 g",
    "price": "2.99",
    "price_2": null,
    "extra_info": "2 ar daugiau su –25%"
  },
  {
    "image_url": "https://cdn.barbora.lt/products/e0007911-3b01-4ff5-91b1-e3daf250ee85_m.png",
    "title": "ECODENTA dantų pasta su CBD ir probiotikais 100 ml",
    "price": "6.35",
    "price_2": null,
    "extra_info": "2 ar daugiau su –40%"
  },
  {
    "image_url": "https://cdn.barbora.lt/products/e916f6b6-db38-40e4-a5a7-250997a61548_m.png",
    "title": "ELSEVE  kondicionierius, 150ml",
    "price": "10.09",
    "price_2": null,
    "extra_info": "2 ar daugiau su –40%"
  },
  {
    "image_url": "https://cdn.barbora.lt/products/03a2a0b7-9c4f-47ff-8533-299908b7a165_m.png",
    "title": "Moteriškas pieštukinis dezodorantas REXONA BRIGHT BOUQUET, 50 ml",
    "price": "2.09",
    "price_2": "41,8€/l",
    "extra_info": "–51%"
  },
  {
    "image_url": "https://cdn.barbora.lt/products/c9461ef5-c1b2-459a-8370-4dfd0e4e97d1_m.png",
    "title": "ECODENTA juoda dantų pasta su vulkano mineralais 100ml",
    "price": "5.09",
    "price_2": null,
    "extra_info": "2 ar daugiau su –40%"
  },
  {
    "image_url": "https://cdn.barbora.lt/products/b98fd2e4-4ef7-4763-a67c-25970c459640_m.png",
    "title": "Pieštukinis plaukų vaškas GOT2B Glued Wax Stick, 50g",
    "price": "12.49",
    "price_2": null,
    "extra_info": "2 ar daugiau su –40%"
  },
  {
    "image_url": "https://cdn.barbora.lt/products/5dc414cc-9c3c-4d7b-98aa-f04e300c046e_m.png",
    "title": "NIVEA Q10 STANGRINAMASIS KŪNO SERUMAS-LOSJONAS 200 ml",
    "price": "6.99",
    "price_2": "34,95€/l",
    "extra_info": "–50%"
  },
  {
    "image_url": "https://cdn.barbora.lt/products/c7059439-2a6e-4a8f-9595-a8f12bd8ef56_m.png",
    "title": "Sausas kačių ėdalas LOVETT su lašiša, špinatais, žirneliais, 800 g",
    "price": "2.44",
    "price_2": "3,05€/kg",
    "extra_info": "–30%"
  },
  {
    "image_url": "https://cdn.barbora.lt/products/4b0e3827-97ed-4c7e-bb8b-b7ad0162c26b_m.png",
    "title": "Sausas kačių ėdalas LOVETT su paukštiena, jautiena, žirneliai, 800 g",
    "price": "2.44",
    "price_2": "3,05€/kg",
    "extra_info": "–30%"
  },
  {
    "image_url": "https://cdn.barbora.lt/products/318530d9-0ec6-4d23-9bc8-fd72d8855f5d_m.png",
    "title": "Padažas su aitriosiomis paprikomis ir česnakais SANTA MARIA, 100 g",
    "price": "2.99",
    "price_2": null,
    "extra_info": "2 ar daugiau su –50%"
  },
  {
    "image_url": "https://cdn.barbora.lt/products/2e27ba44-fc0b-481a-b939-c5bd9faa9a5e_m.png",
    "title": "Satininės patalynės komplektas 200x220/2x50x70cm,lašo ornamentai",
    "price": "39.99",
    "price_2": null,
    "extra_info": "2 ar daugiau su –40%"
  },
  {
    "image_url": "https://cdn.barbora.lt/products/36947027-98af-4468-a0bf-392e21fd68fd_m.png",
    "title": "Kilpinis rankšluostis 50x90cm, t.pilka",
    "price": "5.99",
    "price_2": null,
    "extra_info": "2 ar daugiau su –40%"
  },
  {
    "image_url": "https://cdn.barbora.lt/products/c0bc5298-52a6-454f-b19e-21ab9757f498_m.png",
    "title": "Kilpinis rankšluostis 50x90cm, š.ruda",
    "price": "5.99",
    "price_2": null,
    "extra_info": "2 ar daugiau su –40%"
  },
  {
    "image_url": "https://cdn.barbora.lt/products/2bcf09d1-e755-4885-b101-55e0804ed1ee_m.png",
    "title": "Kilpinis rankšluostis 70x130cm, rusva",
    "price": "15.99",
    "price_2": null,
    "extra_info": "2 ar daugiau su –40%"
  },
  {
    "image_url": "https://cdn.barbora.lt/products/52a1276e-51f6-40e9-9d59-392413b71985_m.png",
    "title": "Kilpinis rankšluostis 70x130cm, chaki",
    "price": "15.99",
    "price_2": null,
    "extra_info": "2 ar daugiau su –40%"
  },
  {
    "image_url": "https://cdn.barbora.lt/products/0a3512f1-ccd2-479c-b085-d0572b80918f_m.png",
    "title": "Paklodė su guma 160x200+30cm,t.mėlyna",
    "price": "11.99",
    "price_2": null,
    "extra_info": "2 ar daugiau su –40%"
  },
  {
    "image_url": "https://cdn.barbora.lt/products/3b43aed1-87e7-41d3-ae96-738ecc0434e0_m.png",
    "title": "Satininė paklodė su guma 160x200+30cm,š.pilka",
    "price": "15.99",
    "price_2": null,
    "extra_info": "2 ar daugiau su –40%"
  },
  {
    "image_url": "https://cdn.barbora.lt/products/a71a2239-93ef-4123-b6b4-f9363968fcd4_m.png",
    "title": "Satininė paklodė su guma 200x200+30cm,chaki",
    "price": "17.99",
    "price_2": null,
    "extra_info": "2 ar daugiau su –40%"
  },
  {
    "image_url": "https://cdn.barbora.lt/products/9ffe98df-0414-4334-a718-5e99f84b7333_m.png",
    "title": "Satininė paklodė su guma 160x200+30cm,š. ruda",
    "price": "15.99",
    "price_2": null,
    "extra_info": "2 ar daugiau su –40%"
  },
  {
    "image_url": "https://cdn.barbora.lt/products/59939d92-d4ef-48e5-b51d-3de23dfe8ab5_m.png",
    "title": "Paklodė su guma 160x200+30cm,alyvų",
    "price": "11.99",
    "price_2": null,
    "extra_info": "2 ar daugiau su –40%"
  },
  {
    "image_url": "https://cdn.barbora.lt/products/2a1542ea-1e6c-48f6-ab4d-21b823ec639b_m.png",
    "title": "Paklodė su guma 90x200+30cm,t.pilka",
    "price": "7.99",
    "price_2": null,
    "extra_info": "2 ar daugiau su –40%"
  },
  {
    "image_url": "https://cdn.barbora.lt/products/af111097-e931-407f-b626-9cbb89a7a812_m.png",
    "title": "Satininė paklodė su guma 200x200+30cm,t. mėlyna",
    "price": "17.99",
    "price_2": null,
    "extra_info": "2 ar daugiau su –40%"
  },
  {
    "image_url": "https://cdn.barbora.lt/products/6eaac23e-36fc-46b2-990c-21d35d5bff07_m.png",
    "title": "OGX Bond Protein atkuriamasis šampūnas, 385ml",
    "price": "13.99",
    "price_2": null,
    "extra_info": "2 ar daugiau su –40%"
  },
  {
    "image_url": "https://cdn.barbora.lt/products/a81f49bc-f348-40f0-8a55-00e93956e70d_m.png",
    "title": "Dažom. plaukų kremas PALETTE INTENSIVE COLOR CREM, Nr. 6-88, 1 vnt.",
    "price": "5.49",
    "price_2": null,
    "extra_info": "2 ar daugiau su –40%"
  },
  {
    "image_url": "https://cdn.barbora.lt/products/6078e004-6b74-4735-b85f-afeb11e186cf_m.png",
    "title": "Dažom. plaukų kremas PALETTE INTENSIVE COLOR CREME, Nr. 5-0, 1 vnt.",
    "price": "5.49",
    "price_2": null,
    "extra_info": "2 ar daugiau su –40%"
  },
  {
    "image_url": "https://cdn.barbora.lt/products/836380bf-32f4-4b9c-8596-462f6fabf91f_m.png",
    "title": "NIVEA FOR MEN Balzamas po skutimosi PROTECT&CARE, 100 ml",
    "price": "5.99",
    "price_2": "59,9€/l",
    "extra_info": "–50%"
  },
  {
    "image_url": "https://cdn.barbora.lt/products/c336c248-2c9e-4613-aff2-f37aa746d19e_m.png",
    "title": "Skutimosi putos NIVEA MEN, 200 ml",
    "price": "2.69",
    "price_2": "13,45€/l",
    "extra_info": "–51%"
  },
  {
    "image_url": "https://cdn.barbora.lt/products/8baedf88-b116-4876-a6fe-6136371b8414_m.png",
    "title": "Salono valiklis TURTLE WAX, laukų kvapo, 500 ml",
    "price": "3.74",
    "price_2": "7,48€/l",
    "extra_info": "–50%"
  },
  {
    "image_url": "https://cdn.barbora.lt/products/7a881fd2-cde3-46ad-8ffa-8de07acd5269_m.png",
    "title": "Automobilio lemputė OSRAM, H7, 12 V, 55 W, 1 vnt.",
    "price": "5.99",
    "price_2": null,
    "extra_info": "2 ar daugiau su –40%"
  },
  {
    "image_url": "https://cdn.barbora.lt/products/3aad7a25-8e04-46f4-824a-95f4ae36fb67_m.png",
    "title": "PALETTE DELUXE plaukų dažai 3-0 (800) tamsiai rudas",
    "price": "7.79",
    "price_2": null,
    "extra_info": "2 ar daugiau su –40%"
  },
  {
    "image_url": "https://cdn.barbora.lt/products/9d89a8a9-b946-46b3-8e6d-24c806a985cc_m.png",
    "title": "Plaukų dažai GARNIER COLOR NATURALS, Nr. 5, 1 vnt.",
    "price": "4.99",
    "price_2": null,
    "extra_info": "2 ar daugiau su –40%"
  },
  {
    "image_url": "https://cdn.barbora.lt/products/cc2a4053-8c2e-4af7-9968-9ad8073eadfd_m.png",
    "title": "Vyriškas rutulinis dezodorantas REXONA COBALT, 50 ml",
    "price": "2.09",
    "price_2": "41,8€/l",
    "extra_info": "–51%"
  },
  {
    "image_url": "https://cdn.barbora.lt/products/4cc4e6a0-f9e5-4b03-ae2d-0679242d3d53_m.png",
    "title": "Automobilio oro gaiviklis WUNDER-BAUM, VANILLA, 1 vnt.",
    "price": "1.49",
    "price_2": null,
    "extra_info": "2 ar daugiau su –40%"
  },
  {
    "image_url": "https://cdn.barbora.lt/products/a41a2cbc-3fd7-4247-935f-e748a584696b_m.png",
    "title": "Plaukų dažai L'OREAL CASTING CREME GLOSS, Nr. 323, 1 vnt.",
    "price": "10.59",
    "price_2": null,
    "extra_info": "2 ar daugiau su –40%"
  },
  {
    "image_url": "https://cdn.barbora.lt/products/ce41133d-a9ab-4dc0-9ddd-b4c7bd8702a6_m.png",
    "title": "Dažomasis plaukų kremas SYOSS, Nr. 4-1, 1 vnt.",
    "price": "8.99",
    "price_2": null,
    "extra_info": "2 ar daugiau su –40%"
  },
  {
    "image_url": "https://cdn.barbora.lt/products/6eec851e-45f3-448d-9f82-ad074fb18b63_m.png",
    "title": "NIVEA BLACK&WHITE CLEAR purškiamasis antiperspirantas moterims, 150 ml",
    "price": "2.39",
    "price_2": "15,93€/l",
    "extra_info": "–50%"
  },
  {
    "image_url": "https://cdn.barbora.lt/products/5f09965e-a5ad-41cf-a014-960f7411c0a1_m.png",
    "title": "Moteriškos pėdkelnės IMMAGINE MARLEN 40, 3 dydis, 1 vnt.",
    "price": "2.09",
    "price_2": "2,09€/vnt.",
    "extra_info": "–50%"
  },
  {
    "image_url": "https://cdn.barbora.lt/products/1f246e6c-37e8-44ce-a0dc-74832324b096_m.png",
    "title": "Moteriškos kojinaitės IMMAGINE Italiana Alba40(2p), universalus,neut,TI,6",
    "price": "1.34",
    "price_2": "0,67€/vnt.",
    "extra_info": "–50%"
  },
  {
    "image_url": "https://cdn.barbora.lt/products/0fa91dac-221e-40a7-9c31-5dcb751192c9_m.png",
    "title": "Moteriškos pėdkelnės ORI  CONFORTFIT 40,4,NEUT,TI,3",
    "price": "2.74",
    "price_2": "2,74€/vnt.",
    "extra_info": "–50%"
  },
  {
    "image_url": "https://cdn.barbora.lt/products/58723eae-f28b-4bf7-91a5-57367512d1ba_m.png",
    "title": "Burnos skalavimo skystis LISTERINE COOLMINT MILD, 500 ml",
    "price": "7.99",
    "price_2": null,
    "extra_info": "2 ar daugiau su –40%"
  },
  {
    "image_url": "https://cdn.barbora.lt/products/67c1883f-5ea5-4c96-a969-20ff8f1a3117_m.png",
    "title": "Plaukų kondicionierius OGX su argano aliejumi, 385 ml",
    "price": "13.99",
    "price_2": null,
    "extra_info": "2 ar daugiau su –40%"
  },
  {
    "image_url": "https://cdn.barbora.lt/products/a8fe489b-f1ab-4b1f-b620-6e427985ace5_m.png",
    "title": "Moteriškos pėdkelnės IMG FORMING SLIM 40 , 4 dydis,neutro",
    "price": "2.89",
    "price_2": "2,89€/vnt.",
    "extra_info": "–50%"
  },
  {
    "image_url": "https://cdn.barbora.lt/products/e66e9262-0e00-43d9-b580-9d86c516a993_m.png",
    "title": "Prausiklis ir dušo kremas BÜBCHEN, 230 ml",
    "price": "7.55",
    "price_2": null,
    "extra_info": "2 ar daugiau su –40%"
  },
  {
    "image_url": "https://cdn.barbora.lt/products/7a9dbab5-0b9e-4428-b314-d9d6cc7a9076_m.png",
    "title": "Plaukų dažai GARNIER COLOR NATURALS, Nr. 5.15, 1 vnt.",
    "price": "4.99",
    "price_2": null,
    "extra_info": "2 ar daugiau su –40%"
  },
  {
    "image_url": "https://cdn.barbora.lt/products/32f1e349-d08c-4f75-a570-6788dbc5b1b4_m.png",
    "title": "Plaukų šampūnas JOHN FRIEDA VOLUME, 250 ml",
    "price": "9.99",
    "price_2": null,
    "extra_info": "2 ar daugiau su –40%"
  },
  {
    "image_url": "https://cdn.barbora.lt/products/050768ac-6c97-4e66-b110-273842df21ca_m.png",
    "title": "Plaukų balzamas JOHN FRIEDA FRIZZ EASE, 250 ml",
    "price": "9.99",
    "price_2": null,
    "extra_info": "2 ar daugiau su –40%"
  },
  {
    "image_url": "https://cdn.barbora.lt/products/cea8283a-1719-4044-9aad-92ab4d63337a_m.png",
    "title": "Vyriškas plaukų ir kūno šampūnas NATURA SIBERICA, TIGRO ĮNIRŠIS, 250ml",
    "price": "6.59",
    "price_2": null,
    "extra_info": "2 ar daugiau su –40%"
  },
  {
    "image_url": "https://cdn.barbora.lt/products/53f8437c-8dc9-4c8c-853b-91900e3262e0_m.png",
    "title": "SEBAMED HAIR CARE atkuriamasis kondicionierius",
    "price": "10.59",
    "price_2": null,
    "extra_info": "2 ar daugiau su –40%"
  },
  {
    "image_url": "https://cdn.barbora.lt/products/42db98fa-559e-46aa-a232-9e02c05bb060_m.png",
    "title": "Burnos skalavimo skystis COLGATE MAX WHITE, 500 ml",
    "price": "7.39",
    "price_2": null,
    "extra_info": "2 ar daugiau su –40%"
  },
  {
    "image_url": "https://cdn.barbora.lt/products/11bb4d24-dd4c-4ac8-89d9-26a9bdcf25dd_m.png",
    "title": "Dantų šepetėlis JORDAN ULTIMATE YOU MEDIUM, 1 vnt.",
    "price": "2.39",
    "price_2": null,
    "extra_info": "2 ar daugiau su –40%"
  },
  {
    "image_url": "https://cdn.barbora.lt/products/9b89681f-e722-43b7-8912-75952fcf978b_m.png",
    "title": "Burnos skalavimo skystis LISTERINE ADVANCED WHITE, 500 ml",
    "price": "8.49",
    "price_2": null,
    "extra_info": "2 ar daugiau su –40%"
  },
  {
    "image_url": "https://cdn.barbora.lt/products/334b0444-32d8-4c37-bfcb-0825ee6c0852_m.png",
    "title": "Vyriškas veido, kūno ir rankų kremas NIVEA MEN CREME, 150 ml",
    "price": "3.29",
    "price_2": "21,93€/l",
    "extra_info": "–51%"
  },
  {
    "image_url": "https://cdn.barbora.lt/products/9e2cc721-257a-408f-a95e-5a8e54a38c4f_m.png",
    "title": "Plaukų šampūnas OGX su biotinu ir kolagenu, 385 ml",
    "price": "13.99",
    "price_2": null,
    "extra_info": "2 ar daugiau su –40%"
  },
  {
    "image_url": "https://cdn.barbora.lt/products/46b6e633-3f07-4471-90d2-0abcdbc39840_m.png",
    "title": "Moteriškos pėdkelnės IMMAGINE LOLA 40, ANTRACITE, 4 d., 1 vnt.",
    "price": "1.44",
    "price_2": "1,44€/vnt.",
    "extra_info": "–50%"
  },
  {
    "image_url": "https://cdn.barbora.lt/products/911f6f88-9d98-4770-b321-c8392dc44614_m.png",
    "title": "Moteriškos pėdkelnės IMMAGINE Italiana Lola40, 5 d.,antracite",
    "price": "1.44",
    "price_2": "1,44€/vnt.",
    "extra_info": "–50%"
  },
  {
    "image_url": "https://cdn.barbora.lt/products/ca8c171a-10eb-461d-af5d-2480a5faa5f7_m.png",
    "title": "Moteriškos pėdkelnės IMMAGINE LOLA 40, 3 dydis, 1 vnt.",
    "price": "1.44",
    "price_2": "1,44€/vnt.",
    "extra_info": "–50%"
  },
  {
    "image_url": "https://cdn.barbora.lt/products/71f0d60c-1764-41e4-95d1-34724990f703_m.png",
    "title": "Moteriškos pėdkelnės ORI  Attiva Body 40den 3 nero",
    "price": "1.99",
    "price_2": "1,99€/vnt.",
    "extra_info": "–50%"
  },
  {
    "image_url": "https://cdn.barbora.lt/products/9c68297f-f18a-471f-9f6a-02ab6ca14b07_m.png",
    "title": "Moteriškos pėdkelnės ORI TALIA100, 4 dydis,NERO",
    "price": "3.24",
    "price_2": "3,24€/vnt.",
    "extra_info": "–50%"
  },
  {
    "image_url": "https://cdn.barbora.lt/products/e5832345-96da-4cad-b9b7-b3533234a624_m.png",
    "title": "Biri juodoji arbata GERA, NES GERA, 80 g",
    "price": "0.99",
    "price_2": null,
    "extra_info": "2 ar daugiau su –25%"
  },
  {
    "image_url": "https://cdn.barbora.lt/products/31dfe7e0-8b93-4d11-9264-0fba6225806c_m.png",
    "title": "NIVEA MEN Balzamas po skutimosi jautriai odai SENSITIVE COOL, 100 ml",
    "price": "5.99",
    "price_2": "59,9€/l",
    "extra_info": "–50%"
  },
  {
    "image_url": "https://cdn.barbora.lt/products/91cc7d11-f773-4206-bcfd-76a344cd3ca1_m.png",
    "title": "Plaukų balzamas GARNIER FRUCTIS, 200 ml",
    "price": "4.99",
    "price_2": null,
    "extra_info": "2 ar daugiau su –40%"
  },
  {
    "image_url": "https://cdn.barbora.lt/products/651ffe6e-4799-4d54-b3d5-3dce15dc289c_m.png",
    "title": "Rankų kremas NEUTROGENA NORWEGIAN FORMULA, 75 ml",
    "price": "4.19",
    "price_2": "55,87€/l",
    "extra_info": "–30%"
  },
  {
    "image_url": "https://cdn.barbora.lt/products/ac3894b6-6516-4142-9101-8ba23656ee60_m.png",
    "title": "Plaukų balzamas NATURA SIBERICA (FROZEN BERRIES), 400 ml",
    "price": "7.99",
    "price_2": null,
    "extra_info": "2 ar daugiau su –40%"
  },
  {
    "image_url": "https://cdn.barbora.lt/products/f63e3349-291d-4f1a-b01c-db6156fa240c_m.png",
    "title": "NIVEA Q10 ANTI-WRINKLE ENERGY SKAISTUMĄ ATKURIANTIS NAKTINIS KREMAS, 40 ml",
    "price": "8.49",
    "price_2": "212,25€/l",
    "extra_info": "–50%"
  },
  {
    "image_url": "https://cdn.barbora.lt/products/0c63c269-da9e-4f45-846b-c0fa2256292b_m.png",
    "title": "Plaukų šampūnas HEAD&SHOULDERS Tea Tree, 400 ml",
    "price": "8.49",
    "price_2": null,
    "extra_info": "2 ar daugiau su –40%"
  },
  {
    "image_url": "https://cdn.barbora.lt/products/b4a80305-b175-426f-8006-8a3c44dabe81_m.png",
    "title": "Plaukų kaukė PANTENE Intensive Repair Active Nutri-Plex, 300 ml",
    "price": "9.69",
    "price_2": null,
    "extra_info": "2 ar daugiau su –40%"
  },
  {
    "image_url": "https://cdn.barbora.lt/products/c449cb51-5c4c-4391-aec3-42da848beddb_m.png",
    "title": "Plaukų kremas SYOSS OLEO INTENSE 8-60",
    "price": "9.49",
    "price_2": null,
    "extra_info": "2 ar daugiau su –40%"
  },
  {
    "image_url": "https://cdn.barbora.lt/products/72df6e35-58cb-42b6-82cf-e29ea9d70fc4_m.png",
    "title": "Moteriškos pėdutės ORI SNEAKER COT (2 poros), 1 vnt., 35-38,nature",
    "price": "2.74",
    "price_2": "1,37€/vnt.",
    "extra_info": "–50%"
  },
  {
    "image_url": "https://cdn.barbora.lt/products/423961be-1469-42c0-a4d4-c8b85fc34d0e_m.png",
    "title": "Drėkinamasis veido gelis NEUTROGENA HYDRO BOOST, 50 ml",
    "price": "13.99",
    "price_2": "279,8€/l",
    "extra_info": "–30%"
  },
  {
    "image_url": "https://cdn.barbora.lt/products/e39a8bb1-a0c9-458f-af22-8979fd66ee6b_m.png",
    "title": "Plaukų modeliavimo pasta SYOSS Matt Cream, 100ml",
    "price": "8.99",
    "price_2": null,
    "extra_info": "2 ar daugiau su –40%"
  },
  {
    "image_url": "https://cdn.barbora.lt/products/9017db9a-11f3-4fff-b163-8218933c406c_m.png",
    "title": "Moteriškos pėdkelnės IMG MicroCharme80, 2 dydis, antracite",
    "price": "2.49",
    "price_2": "2,49€/vnt.",
    "extra_info": "–50%"
  },
  {
    "image_url": "https://cdn.barbora.lt/products/11862326-272d-41e3-80dc-1578e1bd2b67_m.png",
    "title": "Moteriškos pėdkelnės IMG MicroCharme80, 3 dydis,antracite",
    "price": "2.49",
    "price_2": "2,49€/vnt.",
    "extra_info": "–50%"
  },
  {
    "image_url": "https://cdn.barbora.lt/products/dd71d598-ee7f-413e-878e-d08e32b3dc1e_m.png",
    "title": "Moteriškos pėdkelnės ORI Power Slim 100den 4 dydis nero",
    "price": "3.74",
    "price_2": "3,74€/vnt.",
    "extra_info": "–50%"
  },
  {
    "image_url": "https://cdn.barbora.lt/products/943285a1-6ba4-4634-9088-faee30830dc2_m.png",
    "title": "NIVEA odą tausojantis micelinis vanduo su aminorūgštimi ir migdolų aliejumi sausai odai, 400 ml",
    "price": "4.39",
    "price_2": "10,98€/l",
    "extra_info": "–50%"
  },
  {
    "image_url": "https://cdn.barbora.lt/products/6dae5e1d-6195-4712-a31b-ac74cd4115f0_m.png",
    "title": "Moteriškos puskojinės IMMAGINE Italiana Olivia20(2p.), universalus,neutro",
    "price": "1.44",
    "price_2": "0,72€/vnt.",
    "extra_info": "–50%"
  },
  {
    "image_url": "https://cdn.barbora.lt/products/13d0e032-a0b9-4217-b453-217cf0860258_m.png",
    "title": "Burnos gaiviklis STAY COOL, mėtų skonio, 20 ml",
    "price": "4.49",
    "price_2": null,
    "extra_info": "2 ar daugiau su –40%"
  },
  {
    "image_url": "https://cdn.barbora.lt/products/f616796c-f858-4cb8-9ce3-8ec1d10b98de_m.png",
    "title": "Vaikiškas kūno prausiklis JOHNSON'S BABY BEDTIME, 500 ml",
    "price": "5.99",
    "price_2": null,
    "extra_info": "2 ar daugiau su –40%"
  },
  {
    "image_url": "https://cdn.barbora.lt/products/a934fd36-a134-4cb3-afe1-639709166ede_m.png",
    "title": "Higieniniai įklotai CAREFREE COTTON ALOE, 56 vnt.",
    "price": "3.79",
    "price_2": "0,07€/vnt.",
    "extra_info": "–31%"
  },
  {
    "image_url": "https://cdn.barbora.lt/products/4d067cb1-72fc-4cb3-87a9-bc186bd30d1a_m.png",
    "title": "NIVEA Q10 ANTI-WRINKLE EXTRA NOURISH GILIAI ODĄ ATKURIANTIS DIENINIS KREMAS SU SPF15, 50 ml",
    "price": "9.49",
    "price_2": "189,8€/l",
    "extra_info": "–50%"
  },
  {
    "image_url": "https://cdn.barbora.lt/products/aef1fbdd-306e-4767-ae2f-8da42cf7a574_m.png",
    "title": "Juodoji Ceilono arbata IMPRA EARL GREY, 200 g",
    "price": "9.99",
    "price_2": null,
    "extra_info": "2 ar daugiau su –25%"
  },
  {
    "image_url": "https://cdn.barbora.lt/products/f28fa815-5dca-418c-8238-18cf26fa717b_m.png",
    "title": "Plaukų šampūnas GARNIER FRUCTIS HAIR, 350 ml",
    "price": "7.99",
    "price_2": null,
    "extra_info": "2 ar daugiau su –40%"
  },
  {
    "image_url": "https://cdn.barbora.lt/products/f5a6a648-b75f-4c1d-879f-9635e5ee27b7_m.png",
    "title": "Kanapių žiedynų arbata, 20 g",
    "price": "3.49",
    "price_2": null,
    "extra_info": "2 ar daugiau su –25%"
  },
  {
    "image_url": "https://cdn.barbora.lt/products/5519e43f-6911-4959-aa34-a03810b81185_m.png",
    "title": "Žolelių arbata ŽOLYNĖLIS su karčiųjų kiečių žole, 40 g",
    "price": "1.29",
    "price_2": null,
    "extra_info": "2 ar daugiau su –25%"
  },
  {
    "image_url": "https://cdn.barbora.lt/products/20af308d-8920-4a34-a422-a97a584b6027_m.png",
    "title": "Automobilių oro gaiviklis AREON SMILE TOY BUBBLE GUM, 1 vnt.",
    "price": "2.99",
    "price_2": null,
    "extra_info": "2 ar daugiau su –40%"
  },
  {
    "image_url": "https://cdn.barbora.lt/products/ba3d932d-fe53-4501-83e9-0e39b4340913_m.png",
    "title": "Vyriška skutimosi želė NIVEA MEN FRESH KICK, 200 ml",
    "price": "3.29",
    "price_2": "16,45€/l",
    "extra_info": "–51%"
  },
  {
    "image_url": "https://cdn.barbora.lt/products/d6d7b18e-8118-400d-80af-723e3cd81164_m.png",
    "title": "Bambukinis dantų šepetėlis ECODENTA, minkštas",
    "price": "3.99",
    "price_2": null,
    "extra_info": "2 ar daugiau su –40%"
  },
  {
    "image_url": "https://cdn.barbora.lt/products/a9a23b8a-4bfa-4145-a355-6a486f5d1a17_m.png",
    "title": "Vyriškos boksinukės SPARTA, XXL",
    "price": "4.99",
    "price_2": "4,99€/vnt.",
    "extra_info": "–50%"
  },
  {
    "image_url": "https://cdn.barbora.lt/products/77799f8a-b9af-4ef4-a8e1-04068768c85f_m.png",
    "title": "NIVEA® ROSE & HYDRATION KŪNO LOSJONAS NORMALIAI IR SAUSAI ODAI, 400 ml",
    "price": "5.29",
    "price_2": "13,23€/l",
    "extra_info": "–51%"
  },
  {
    "image_url": "https://cdn.barbora.lt/products/58bbce03-8df4-43ba-adbf-d4f5890d2d11_m.png",
    "title": "Vaikiškos kojinės, SEVEN LEMON, 1 pora, 25-27 dydis, medvilnė",
    "price": "1.49",
    "price_2": null,
    "extra_info": "2 ar daugiau su –40%"
  },
  {
    "image_url": "https://cdn.barbora.lt/products/ed50e38a-a64d-432a-a796-74193efafccd_m.png",
    "title": "Plaukų šampūnas GREEN FEEL'S, 250 ml",
    "price": "5.99",
    "price_2": null,
    "extra_info": "2 ar daugiau su –40%"
  },
  {
    "image_url": "https://cdn.barbora.lt/products/94abee9e-6c3b-422a-9f25-3001c6c52450_m.png",
    "title": "Dantų pasta JORDAN FRESH MINT, 50 ml",
    "price": "3.49",
    "price_2": null,
    "extra_info": "2 ar daugiau su –40%"
  },
  {
    "image_url": "https://cdn.barbora.lt/products/26aa01d5-2ba4-4976-8bf1-f30caeaae2bc_m.png",
    "title": "Plaukų kondicionierius GREEN FEEL'S, 100 ml",
    "price": "5.99",
    "price_2": null,
    "extra_info": "2 ar daugiau su –40%"
  },
  {
    "image_url": "https://cdn.barbora.lt/products/76e49c7b-72b4-4f69-9bea-5d3106a2ee42_m.png",
    "title": "Paakių kremas NEUTROGENA RETINOL BOOST, 15 ml",
    "price": "16.79",
    "price_2": "1119,33€/l",
    "extra_info": "–30%"
  },
  {
    "image_url": "https://cdn.barbora.lt/products/daa53b28-ba58-4629-be76-6d82f6f926e8_m.png",
    "title": "Plaukų šampūnas GARNIER BOTANIC THERAPY, 400 ml",
    "price": "5.99",
    "price_2": null,
    "extra_info": "2 ar daugiau su –40%"
  },
  {
    "image_url": "https://cdn.barbora.lt/products/9bcbf43a-c59a-4c93-94fb-7d2c3aea6f2f_m.png",
    "title": "Ekologiška mačia MOYA TRADITIONAL, 30 g",
    "price": "16.99",
    "price_2": null,
    "extra_info": "2 ar daugiau su –25%"
  },
  {
    "image_url": "https://cdn.barbora.lt/products/f474f363-e667-4e0a-bd7f-d6010e64e15c_m.png",
    "title": "Plaukų šampūnas HEAD&SHOULDERS Anti-Hairfall, 400ml",
    "price": "8.49",
    "price_2": null,
    "extra_info": "2 ar daugiau su –40%"
  },
  {
    "image_url": "https://cdn.barbora.lt/products/f743b3af-9776-4887-9b8e-dfea7089ae20_m.png",
    "title": "Veido kremas NEUTROGENA RETINOL BOOST INTENSIVE, 50 ml",
    "price": "17.49",
    "price_2": "349,8€/l",
    "extra_info": "–30%"
  },
  {
    "image_url": "https://cdn.barbora.lt/products/8cd7c113-75b2-4c70-b023-76397ec7a805_m.png",
    "title": "Moteriškos pėdkelnės IMG ONLY 70 bronzo 3 dydis",
    "price": "2.34",
    "price_2": "2,34€/vnt.",
    "extra_info": "–50%"
  },
  {
    "image_url": "https://cdn.barbora.lt/products/ce7b0721-8490-4a00-9cfb-de5470b7afcf_m.png",
    "title": "Moteriškos pėdkelnės IMG ONLY 70 nero 3 dydis",
    "price": "2.34",
    "price_2": "2,34€/vnt.",
    "extra_info": "–50%"
  },
  {
    "image_url": "https://cdn.barbora.lt/products/459c13d5-d919-4615-8398-f965032298ff_m.png",
    "title": "Moteriškos pėdkelnės ORI TALIA NERO, dydis 5, 40 den, 1 vnt.",
    "price": "3.39",
    "price_2": "3,39€/vnt.",
    "extra_info": "–50%"
  },
  {
    "image_url": "https://cdn.barbora.lt/products/e9d68d50-6615-44cc-a22a-61cfebcefa70_m.png",
    "title": "Biri juodoji arbata ETNO. DARJEELING, 70 g",
    "price": "5.49",
    "price_2": null,
    "extra_info": "2 ar daugiau su –25%"
  },
  {
    "image_url": "https://cdn.barbora.lt/products/386618de-9a06-415d-9056-ca79024b7531_m.png",
    "title": "Moteriškos pėdkelnės MICRO CHANCE 3D 200 NERO 4 dydis",
    "price": "3.94",
    "price_2": "3,94€/vnt.",
    "extra_info": "–50%"
  },
  {
    "image_url": "https://cdn.barbora.lt/products/35d4e84b-d152-494f-b211-f9a9054f94bb_m.png",
    "title": "RASA HAIR REPAIR SYSTEM Atkuriamasis plaukų šampūnas 500 ml",
    "price": "8.99",
    "price_2": null,
    "extra_info": "2 ar daugiau su –40%"
  },
  {
    "image_url": "https://cdn.barbora.lt/products/698e392e-3ffd-46f2-86c1-81d4f3c59698_m.png",
    "title": "Akumuliatoriaus įkrovimo laidai ROTZ, 2 m, 480 A",
    "price": "14.99",
    "price_2": null,
    "extra_info": "2 ar daugiau su –40%"
  },
  {
    "image_url": "https://cdn.barbora.lt/products/0932bf1d-0487-4873-88f0-fa914f91d86e_m.png",
    "title": "Automobilių oro gaiviklis ROTZ MAJESTIC NOIR, 1 vnt.",
    "price": "1.19",
    "price_2": null,
    "extra_info": "2 ar daugiau su –40%"
  },
  {
    "image_url": "https://cdn.barbora.lt/products/d08aedd8-f69e-4742-af92-4b5796a52efa_m.png",
    "title": "Higieniniai įklotai CAREFREE LARGE ALOE, 48 vnt.",
    "price": "3.79",
    "price_2": "0,08€/vnt.",
    "extra_info": "–31%"
  },
  {
    "image_url": "https://cdn.barbora.lt/products/da8e0df2-5f1c-42c8-8fe5-043ea33ad2b1_m.png",
    "title": "Plaukų šampūnas HEAD&SHOULDERS Classic Clean 2in1, 250 ml",
    "price": "6.99",
    "price_2": null,
    "extra_info": "2 ar daugiau su –40%"
  },
  {
    "image_url": "https://cdn.barbora.lt/products/2af1f2d0-8afb-40f2-bff6-37f68636b0a4_m.png",
    "title": "Plaukų šampūnas HEAD&SHOULDERS Apple, 500 ml",
    "price": "9.59",
    "price_2": null,
    "extra_info": "2 ar daugiau su –40%"
  },
  {
    "image_url": "https://cdn.barbora.lt/products/4d4a3ab3-2d15-4a42-be29-07137589765c_m.png",
    "title": "Plaukų šampūnas HEAD&SHOULDERS Menthol 2in1, 250 ml",
    "price": "6.99",
    "price_2": null,
    "extra_info": "2 ar daugiau su –40%"
  },
  {
    "image_url": "https://cdn.barbora.lt/products/231f7b5c-dcd5-4b85-94c0-f5685e5d6953_m.png",
    "title": "Vyriškas purškiamasis dezodorantas REXONA INVISIBLE, 150 ml",
    "price": "2.49",
    "price_2": "16,6€/l",
    "extra_info": "–50%"
  },
  {
    "image_url": "https://cdn.barbora.lt/products/73cca2d3-09af-4444-be01-6029f677c983_m.png",
    "title": "Vyriškas purškiamasis dezodorantas REXONA QUANTUM DRY, 150 ml",
    "price": "2.49",
    "price_2": "16,6€/l",
    "extra_info": "–50%"
  },
  {
    "image_url": "https://cdn.barbora.lt/products/1a5bd201-a156-47aa-a03f-d15eddb235b3_m.png",
    "title": "Plaukų dažai GARNIER OLIA, Nr. 4.0, 1 vnt.",
    "price": "9.49",
    "price_2": null,
    "extra_info": "2 ar daugiau su –40%"
  },
  {
    "image_url": "https://cdn.barbora.lt/products/0879f794-d907-4520-b932-529c1904de75_m.png",
    "title": "Plaukų šampūnas AUSSIE SOS Blonde&Hydrate, 300 ml",
    "price": "10.99",
    "price_2": null,
    "extra_info": "2 ar daugiau su –40%"
  },
  {
    "image_url": "https://cdn.barbora.lt/products/5b121bb7-891f-4ddf-af80-7c151121d9e3_m.png",
    "title": "Plaukų šampūnas AUSSIE SOS Strength&Length, 300 ml",
    "price": "10.99",
    "price_2": null,
    "extra_info": "2 ar daugiau su –40%"
  },
  {
    "image_url": "https://cdn.barbora.lt/products/6f2f8b8b-c81b-4be5-9f18-5f86fb91a6ea_m.png",
    "title": "Intensyvus plaukų kondicionierius PANTENE Infinitely Long, 3 minutes miracles, 220 ml",
    "price": "7.19",
    "price_2": null,
    "extra_info": "2 ar daugiau su –40%"
  },
  {
    "image_url": "https://cdn.barbora.lt/products/4a50a73b-624a-4669-80cd-c18fce24a770_m.png",
    "title": "ODA PRO Kasdienis putų prausiklis",
    "price": "13.89",
    "price_2": "92,6€/l",
    "extra_info": "–30%"
  },
  {
    "image_url": "https://cdn.barbora.lt/products/70e7247e-e5aa-4368-90a2-5426f547eafd_m.png",
    "title": "KILIG HAIR BOOST šampūnas su ricinos aliejumi 400 ml",
    "price": "6.15",
    "price_2": null,
    "extra_info": "2 ar daugiau su –40%"
  },
  {
    "image_url": "https://cdn.barbora.lt/products/616e6ffc-be0d-4591-864b-5fdad43e821c_m.png",
    "title": "Dantų šepetėlis ELMEX EXPERT PRECISION SENSITIVE, 1 vnt.",
    "price": "8.29",
    "price_2": null,
    "extra_info": "2 ar daugiau su –40%"
  },
  {
    "image_url": "https://cdn.barbora.lt/products/e4be618e-b210-4c69-a93e-b5037039444d_m.png",
    "title": "ELSEVE  šampūnas 250ml",
    "price": "5.39",
    "price_2": null,
    "extra_info": "2 ar daugiau su –40%"
  },
  {
    "image_url": "https://cdn.barbora.lt/products/e0bdd3cc-d5a3-473c-accb-06269dd7c4a3_m.png",
    "title": "ELSEVE  purškiklis ,150ml",
    "price": "11.99",
    "price_2": null,
    "extra_info": "2 ar daugiau su –40%"
  },
  {
    "image_url": "https://cdn.barbora.lt/products/b8fa10d2-f670-4f65-9f35-27ddc50343dd_m.png",
    "title": "ELSEVE plaukų kaukė, 300ml",
    "price": "9.19",
    "price_2": null,
    "extra_info": "2 ar daugiau su –40%"
  },
  {
    "image_url": "https://cdn.barbora.lt/products/821ad1c4-122c-4e05-af45-f56913fc1066_m.png",
    "title": "ELSEVE serumas galvos odai, 102ml",
    "price": "15.89",
    "price_2": null,
    "extra_info": "2 ar daugiau su –40%"
  },
  {
    "image_url": "https://cdn.barbora.lt/products/bcb58b79-5c5d-407e-9118-ca0dbedc91f4_m.png",
    "title": "ELSEVE Color-Vive šampūnas 1L",
    "price": "17.99",
    "price_2": null,
    "extra_info": "2 ar daugiau su –40%"
  },
  {
    "image_url": "https://cdn.barbora.lt/products/f605ede7-e3c1-41cf-8f29-39d61bcdd967_m.png",
    "title": "Areon auto oro gaiviklis, X VERSION- Patch-Lavand-Vanila",
    "price": "1.19",
    "price_2": null,
    "extra_info": "2 ar daugiau su –40%"
  },
  {
    "image_url": "https://cdn.barbora.lt/products/afdfab2e-ff09-4700-bd78-62c1c744b39c_m.png",
    "title": "Moteriškos pėdkelnės IMG MARLEN 40 , 5 dydis, grafite",
    "price": "2.09",
    "price_2": "2,09€/vnt.",
    "extra_info": "–50%"
  },
  {
    "image_url": "https://cdn.barbora.lt/products/825bc1af-a5e9-46d0-a5b8-cd69caca3b92_m.png",
    "title": "Kojinės IMMAGINE 815, 43-46, juoda",
    "price": "1.99",
    "price_2": "1,99€/vnt.",
    "extra_info": "–50%"
  },
  {
    "image_url": "https://cdn.barbora.lt/products/5dde8c0b-8718-458d-9d90-05a306e404ad_m.png",
    "title": "Griežinėliais pjaustyta WELL DONE vytinta dešra FUET EXTRA su iberiška kiauliena, nerūš., 70 g",
    "price": "2.99",
    "price_2": null,
    "extra_info": "2 ar daugiau su –20%"
  },
  {
    "image_url": "https://cdn.barbora.lt/products/71d105a9-fe05-43b1-a604-b4079867bc68_m.png",
    "title": "GREEN FEEL'S šampūnas slinkti linkusiems plaukams 400ml",
    "price": "5.49",
    "price_2": null,
    "extra_info": "2 ar daugiau su –40%"
  },
  {
    "image_url": "https://cdn.barbora.lt/products/4b970b8a-4795-4571-b894-6d638f0e0beb_m.png",
    "title": "NIVEA MEN rutulinis antiperspirantas Sensitive vyrams 50 ml",
    "price": "2.39",
    "price_2": "47,8€/l",
    "extra_info": "–50%"
  },
  {
    "image_url": "https://cdn.barbora.lt/products/6eb0adc0-3d36-46e5-99b4-1c0b6c19a011_m.png",
    "title": "Sausainiai su pien/juod. Šok. Gab., 150 g",
    "price": "1.79",
    "price_2": null,
    "extra_info": "2 ar daugiau su –25%"
  },
  {
    "image_url": "https://cdn.barbora.lt/products/ed448d22-923b-4abc-b13a-448b39aca153_m.png",
    "title": "Plaukų kaukė PANTENE Hydration Recharge Active Nutri-Plex, 300 ml",
    "price": "8.99",
    "price_2": null,
    "extra_info": "2 ar daugiau su –40%"
  },
  {
    "image_url": "https://cdn.barbora.lt/products/ffdb5841-3a08-4355-8b4f-c16d7cac947d_m.png",
    "title": "Plaukų serumas AUSSIE Oh My Gloss, 160 ml",
    "price": "10.99",
    "price_2": null,
    "extra_info": "2 ar daugiau su –40%"
  },
  {
    "image_url": "https://cdn.barbora.lt/products/1dbc3030-1470-4bc3-b27b-258f0f9cea76_m.png",
    "title": "Nenuplaunamas plaukų kremas PANTENE Hydration Recharge, Heat&Glow, 135 ml",
    "price": "11.29",
    "price_2": null,
    "extra_info": "2 ar daugiau su –40%"
  },
  {
    "image_url": "https://cdn.barbora.lt/products/a474cffa-b172-432e-8e75-42b74f5224a7_m.png",
    "title": "CLUB 4 PAWS Premium pilnavertis sausas maistas suaugusioms sterilizuotoms katėms su lašiša, 900 gr",
    "price": "3.43",
    "price_2": "3,81€/kg",
    "extra_info": "–35%"
  },
  {
    "image_url": "https://cdn.barbora.lt/products/dc44f27c-3ef5-47d1-8edf-cebe5d994c0a_m.png",
    "title": "Club 4 Paws Premium visavertis konservuotas pašaras suau gusioms sterilizuotoms katėms su kalakutiena ir triušiena padaže, 4x85 gr",
    "price": "1.48",
    "price_2": "4,36€/kg",
    "extra_info": "–35%"
  },
  {
    "image_url": "https://cdn.barbora.lt/products/3c3f9cb3-566d-445e-b4e0-67302e11349c_m.png",
    "title": "Patalynės komplektas 200x220/2x50x70cm lapai",
    "price": "29.99",
    "price_2": null,
    "extra_info": "2 ar daugiau su –40%"
  },
  {
    "image_url": "https://cdn.barbora.lt/products/74d5c8be-692c-4568-9260-c05ce7b9eef3_m.png",
    "title": "Satininės patalynės komplektas 200x220/2x50x70cm ornamentai",
    "price": "39.99",
    "price_2": null,
    "extra_info": "2 ar daugiau su –40%"
  },
  {
    "image_url": "https://cdn.barbora.lt/products/407eeb8f-402e-41c4-a932-a18fa5ce36e7_m.png",
    "title": "Patalynės komplektas 140x200/50x70cm,žal. gėlės",
    "price": "15.99",
    "price_2": null,
    "extra_info": "2 ar daugiau su –40%"
  },
  {
    "image_url": "https://cdn.barbora.lt/products/bfd7582f-87e3-4223-9b54-58e5b5901f04_m.png",
    "title": "Moteriškos kojinės ORI LILA 40, one size, nero",
    "price": "2.09",
    "price_2": "2,09€/vnt.",
    "extra_info": "–50%"
  },
  {
    "image_url": "https://cdn.barbora.lt/products/7d2a70e4-55fb-4482-9ede-bafdb2459cf5_m.png",
    "title": "Moteriškos puskojinės ORI CHICK 40, one size, nero",
    "price": "2.44",
    "price_2": "2,44€/vnt.",
    "extra_info": "–50%"
  },
  {
    "image_url": "https://cdn.barbora.lt/products/f073440c-7390-4148-86e3-d0b21b64cbbb_m.png",
    "title": "Paklodė su guma 140x200+30cm, balta",
    "price": "10.99",
    "price_2": null,
    "extra_info": "2 ar daugiau su –40%"
  },
  {
    "image_url": "https://cdn.barbora.lt/products/a317b2af-91bc-41bc-b4ab-430651e7e6c9_m.png",
    "title": "Satininė paklodė su guma 180x200+30cm,š.pilka",
    "price": "16.99",
    "price_2": null,
    "extra_info": "2 ar daugiau su –40%"
  },
  {
    "image_url": "https://cdn.barbora.lt/products/0bf3b212-6663-4622-a160-56a18ad1dedf_m.png",
    "title": "Paklodė su guma 180x200+30cm,dr. kaulo",
    "price": "12.99",
    "price_2": null,
    "extra_info": "2 ar daugiau su –40%"
  },
  {
    "image_url": "https://cdn.barbora.lt/products/c405f01c-beb8-47e7-a6b5-6f81045c34eb_m.png",
    "title": "Paklodė su guma 160x200+30cm,sidabrinė",
    "price": "11.99",
    "price_2": null,
    "extra_info": "2 ar daugiau su –40%"
  },
  {
    "image_url": "https://cdn.barbora.lt/products/188875b5-8611-4710-a1a3-4c1ac9af591a_m.png",
    "title": "Satininė paklodė su guma 140x200+30cm žalia",
    "price": "14.99",
    "price_2": null,
    "extra_info": "2 ar daugiau su –40%"
  },
  {
    "image_url": "https://cdn.barbora.lt/products/19239e2b-5b80-4333-a245-f092d53a603c_m.png",
    "title": "Paklodė su guma 180x200+30cm, balta",
    "price": "12.99",
    "price_2": null,
    "extra_info": "2 ar daugiau su –40%"
  },
  {
    "image_url": "https://cdn.barbora.lt/products/3eb500a1-a2e8-40ed-bbee-29a11e6ab250_m.png",
    "title": "Satininė paklodė su guma 160x200+30cm,t. mėlyna",
    "price": "15.99",
    "price_2": null,
    "extra_info": "2 ar daugiau su –40%"
  },
  {
    "image_url": "https://cdn.barbora.lt/products/f44c4875-469c-446b-8975-88612e69d656_m.png",
    "title": "Dažom. plaukų kremas PALETTE INTENSIVE COLOR CREME, Nr. 3-0, 1 vnt.",
    "price": "5.49",
    "price_2": null,
    "extra_info": "2 ar daugiau su –40%"
  },
  {
    "image_url": "https://cdn.barbora.lt/products/2d2e7cb5-9400-4423-b07d-566ec524ff5b_m.png",
    "title": "Dažom. plaukų kremas PALETTE INTENSIVE COLOR CREME, Nr. 7-0, 1 vnt.",
    "price": "5.49",
    "price_2": null,
    "extra_info": "2 ar daugiau su –40%"
  },
  {
    "image_url": "https://cdn.barbora.lt/products/3e3e6a71-2d70-4742-949d-bc6e9c7863ff_m.png",
    "title": "Dažom. plaukų kremas PALETTE INTENSIVE COLOR CREME, Nr. 4-0, 1 vnt.",
    "price": "5.49",
    "price_2": null,
    "extra_info": "2 ar daugiau su –40%"
  },
  {
    "image_url": "https://cdn.barbora.lt/products/b85e0746-7e91-4f76-84d1-b00d72fdaac8_m.png",
    "title": "Odinių paviršių valiklis TURTLE WAX, 500 ml",
    "price": "4.49",
    "price_2": "8,98€/l",
    "extra_info": "–50%"
  },
  {
    "image_url": "https://cdn.barbora.lt/products/aea0b87d-b28b-4dc7-8d9b-f13bd7749ec2_m.png",
    "title": "Universalioji priemonė WD-40, 100 ml, 100 ml",
    "price": "4.49",
    "price_2": null,
    "extra_info": "2 ar daugiau su –40%"
  },
  {
    "image_url": "https://cdn.barbora.lt/products/9cdff38c-432b-4350-b75e-2b8163d661a1_m.png",
    "title": "Plaukų lakas WELLAFLEX FINISH & HOLD, 250 ml",
    "price": "5.39",
    "price_2": null,
    "extra_info": "2 ar daugiau su –40%"
  },
  {
    "image_url": "https://cdn.barbora.lt/products/f65c04bd-d5b6-4aa8-bbbd-6abeb84286b4_m.png",
    "title": "Plaukų lakas WELLAFLEX INVISIBLE HOLD, 250 ml",
    "price": "5.39",
    "price_2": null,
    "extra_info": "2 ar daugiau su –40%"
  },
  {
    "image_url": "https://cdn.barbora.lt/products/ab8bc4e4-103a-440f-b5e0-cedca979efc3_m.png",
    "title": "Plaukų dažai L'OREAL CASTING CREME GLOSS, Nr. 415, 1 vnt.",
    "price": "10.59",
    "price_2": null,
    "extra_info": "2 ar daugiau su –40%"
  },
  {
    "image_url": "https://cdn.barbora.lt/products/e19d7bc9-689f-4539-b7c5-532806c31aea_m.png",
    "title": "Plaukų dažai L'OREAL CASTING, 1 vnt.",
    "price": "10.59",
    "price_2": null,
    "extra_info": "2 ar daugiau su –40%"
  },
  {
    "image_url": "https://cdn.barbora.lt/products/b47b974e-7c69-46f9-823c-4f039f13d360_m.png",
    "title": "Plaukų dažai L'OREAL CASTING CREME GLOSS, Nr. 600, 1 vnt.",
    "price": "10.59",
    "price_2": null,
    "extra_info": "2 ar daugiau su –40%"
  },
  {
    "image_url": "https://cdn.barbora.lt/products/e1de3f36-1263-4564-99e8-75c5e98cbad3_m.png",
    "title": "Plaukų modeliavimo klijai GOT2B, 150 ml",
    "price": "10.69",
    "price_2": null,
    "extra_info": "2 ar daugiau su –40%"
  },
  {
    "image_url": "https://cdn.barbora.lt/products/9458acf2-9a0c-4028-9cdf-551e45cb0b1d_m.png",
    "title": "Dantų šepetėlis JORDAN INDIVIDUAL CLEAN SOFT, 1 vnt.",
    "price": "3.79",
    "price_2": null,
    "extra_info": "2 ar daugiau su –40%"
  },
  {
    "image_url": "https://cdn.barbora.lt/products/13d7adce-5cc4-4024-8929-97801fc4cf8d_m.png",
    "title": "Automobilio oro gaiviklis WUNDER-BAUM, BLACK, 1 vnt.",
    "price": "1.49",
    "price_2": null,
    "extra_info": "2 ar daugiau su –40%"
  },
  {
    "image_url": "https://cdn.barbora.lt/products/dcb28468-31e0-4c8a-a44a-5c89ce2d182f_m.png",
    "title": "NIVEA Klasikinis kremas visai šeimai 100ml",
    "price": "1.99",
    "price_2": "19,9€/l",
    "extra_info": "–50%"
  },
  {
    "image_url": "https://cdn.barbora.lt/products/601dba16-0840-443b-92a4-0955de925a0e_m.png",
    "title": "Aušinimo skystis TURTLE WAX G12 (-35°C, 1 L,raudonas), 1 l",
    "price": "1.99",
    "price_2": "1,99€/l",
    "extra_info": "–50%"
  },
  {
    "image_url": "https://cdn.barbora.lt/products/2298f710-0bb1-4680-b271-32da1194e1a9_m.png",
    "title": "Burnos skalavimo skystis LISTERINE FRESH, 500 ml",
    "price": "7.99",
    "price_2": null,
    "extra_info": "2 ar daugiau su –40%"
  },
  {
    "image_url": "https://cdn.barbora.lt/products/d356485c-a760-4089-a4ad-c9898eeb6ce2_m.png",
    "title": "Purškiamasis plaukų skystis GOT2B Guardian Angel, 200 ml",
    "price": "10.69",
    "price_2": null,
    "extra_info": "2 ar daugiau su –40%"
  },
  {
    "image_url": "https://cdn.barbora.lt/products/633d3c07-65a2-4d38-b883-fe6f489b8b61_m.png",
    "title": "Automobilių oro gaiviklis AREON SPORT LUX GOLD, 1 vnt.",
    "price": "1.39",
    "price_2": null,
    "extra_info": "2 ar daugiau su –40%"
  },
  {
    "image_url": "https://cdn.barbora.lt/products/3ce0cff3-3069-4be8-8d35-a72f790096a2_m.png",
    "title": "Automobilių oro gaiviklis AREON SPORT LUX SILVER, 1 vnt.",
    "price": "1.39",
    "price_2": null,
    "extra_info": "2 ar daugiau su –40%"
  },
  {
    "image_url": "https://cdn.barbora.lt/products/d28f8971-1862-4f26-9bb4-13f922f23cc6_m.png",
    "title": "Moteriškos pėdkelnės IMMAGINE MARLEN 40, 2 dydis, 1 vnt.",
    "price": "2.09",
    "price_2": "2,09€/vnt.",
    "extra_info": "–50%"
  },
  {
    "image_url": "https://cdn.barbora.lt/products/0cc82ebc-66a7-4fe7-b76f-5bb230ee58f7_m.png",
    "title": "PALETTE DELUXE plaukų dažai 4-65 (760) akinamai rudas",
    "price": "7.79",
    "price_2": null,
    "extra_info": "2 ar daugiau su –40%"
  },
  {
    "image_url": "https://cdn.barbora.lt/products/2d2e1de3-1873-4ce7-8272-aad842cbda88_m.png",
    "title": "Plaukų šampūnas HEAD&SHOULDERS Apple Fresh, 400 ml",
    "price": "8.49",
    "price_2": null,
    "extra_info": "2 ar daugiau su –40%"
  },
  {
    "image_url": "https://cdn.barbora.lt/products/3d5735c2-e0ec-4b4a-b534-bc5f8ae27821_m.png",
    "title": "Žalioji arbata BASILUR SPRING TEA, 100 g",
    "price": "5.99",
    "price_2": null,
    "extra_info": "2 ar daugiau su –25%"
  },
  {
    "image_url": "https://cdn.barbora.lt/products/5a434396-8687-41d5-9340-4789abe98bcf_m.png",
    "title": "Dieninis veido kremas NIVEA CELLULAR, 50 ml",
    "price": "9.99",
    "price_2": "199,8€/l",
    "extra_info": "–50%"
  },
  {
    "image_url": "https://cdn.barbora.lt/products/d11abadf-1790-4064-862d-3dcd564d8447_m.png",
    "title": "Dažomasis plaukų kremas SYOSS OLEO INTENSE, Nr. 1-10, 1 vnt.",
    "price": "9.49",
    "price_2": null,
    "extra_info": "2 ar daugiau su –40%"
  },
  {
    "image_url": "https://cdn.barbora.lt/products/42fe1f81-32d8-4f97-9c73-fa7fed2c3cf2_m.png",
    "title": "Dažomasis plaukų kremas SYOSS OLEO INTENSE, Nr. 9-10, 1 vnt.",
    "price": "9.49",
    "price_2": null,
    "extra_info": "2 ar daugiau su –40%"
  },
  {
    "image_url": "https://cdn.barbora.lt/products/87a7fe13-1924-42b5-8f15-aae09306a42d_m.png",
    "title": "NIVEA Dry Comfort rutulinis antiperspirantas moterims, 50 ml",
    "price": "2.39",
    "price_2": "47,8€/l",
    "extra_info": "–50%"
  },
  {
    "image_url": "https://cdn.barbora.lt/products/894a2f20-74ea-41ae-be4b-a2b2c5d91054_m.png",
    "title": "Vyriškas plaukų šampūnas SCHAUMA Men Power, 400 ml",
    "price": "4.59",
    "price_2": null,
    "extra_info": "2 ar daugiau su –40%"
  },
  {
    "image_url": "https://cdn.barbora.lt/products/888a9a15-6f0c-47d3-bfe8-93e4cb5bcd64_m.png",
    "title": "Pažeistų plaukų balzamas OPLEPIKHA SIBERICA, 400 ml",
    "price": "9.29",
    "price_2": null,
    "extra_info": "2 ar daugiau su –40%"
  },
  {
    "image_url": "https://cdn.barbora.lt/products/c062f249-4a5d-4002-93ce-fc95b6c3ebde_m.png",
    "title": "Normalių ir riebių plaukų šampūnas OPLEPIKHA SIBERICA, 400 ml",
    "price": "9.29",
    "price_2": null,
    "extra_info": "2 ar daugiau su –40%"
  },
  {
    "image_url": "https://cdn.barbora.lt/products/5d626433-dbdb-42a0-9e7a-5f7ab8fa2c74_m.png",
    "title": "Vaikiškas dantų šepetėlis HUMBLE BRUSH, 1 vnt.",
    "price": "4.09",
    "price_2": null,
    "extra_info": "2 ar daugiau su –40%"
  },
  {
    "image_url": "https://cdn.barbora.lt/products/71f469de-a2db-4e89-93c1-1ea7d0763fda_m.png",
    "title": "Burnos skalavimo skystis ELMEX vaikams, 400 ml",
    "price": "8.99",
    "price_2": null,
    "extra_info": "2 ar daugiau su –40%"
  },
  {
    "image_url": "https://cdn.barbora.lt/products/bf029e2d-ff0d-41e4-8416-73fc483a0a2a_m.png",
    "title": "Lietaus lašus išskaidantis skystis TURTLE WAX, 300 ml",
    "price": "5.99",
    "price_2": "19,97€/l",
    "extra_info": "–50%"
  },
  {
    "image_url": "https://cdn.barbora.lt/products/940cc229-ba36-4fc4-a12f-4b2bf139e395_m.png",
    "title": "Plaukų kondicionierius OGX su biotinu ir kolagenu 385ml",
    "price": "13.99",
    "price_2": null,
    "extra_info": "2 ar daugiau su –40%"
  },
  {
    "image_url": "https://cdn.barbora.lt/products/a2707e05-89f3-4d35-8010-6d2512077ed8_m.png",
    "title": "Dažomasis plaukų šaknų purškiklis L'OREAL MAGIC, tams. ruda, 75 ml",
    "price": "8.99",
    "price_2": null,
    "extra_info": "2 ar daugiau su –40%"
  },
  {
    "image_url": "https://cdn.barbora.lt/products/ae1b2161-d7eb-463d-af3f-6f66f04f92e7_m.png",
    "title": "Moteriškos pėdkelnės ORI  Attiva B.40den 5 neutro",
    "price": "1.99",
    "price_2": "1,99€/vnt.",
    "extra_info": "–50%"
  },
  {
    "image_url": "https://cdn.barbora.lt/products/a0661eb8-5061-48b1-a325-5734bef30325_m.png",
    "title": "Fiksuojamasis dantų protezų kremas COREGA, mėtų skonio, 40 g",
    "price": "9.95",
    "price_2": null,
    "extra_info": "2 ar daugiau su –40%"
  },
  {
    "image_url": "https://cdn.barbora.lt/products/f3009c7f-8deb-4392-b6f6-5e3df201391f_m.png",
    "title": "Dantų šepetėlis JORDAN EXPERT CLEAN MEDIUM, 1 vnt.",
    "price": "3.69",
    "price_2": null,
    "extra_info": "2 ar daugiau su –40%"
  },
  {
    "image_url": "https://cdn.barbora.lt/products/8afd70eb-4cb6-471a-9670-ee9de5efa498_m.png",
    "title": "Moteriškos pėdkelnės IMMAGINE Italiana Only20, 3 d.,nero",
    "price": "1.49",
    "price_2": "1,49€/vnt.",
    "extra_info": "–50%"
  },
  {
    "image_url": "https://cdn.barbora.lt/products/d653c0df-ef53-4835-b52c-a03ac252d69b_m.png",
    "title": "Higieniniai paketai ALWAYS Platinum Normal, S1, 8 vnt.",
    "price": "1.99",
    "price_2": "0,25€/vnt.",
    "extra_info": "–31%"
  },
  {
    "image_url": "https://cdn.barbora.lt/products/382ddadf-16c2-493e-bc71-5c10044a74da_m.png",
    "title": "Higieniniai paketai ALWAYS Platinum Day&Night, S3, 6 vnt.",
    "price": "1.99",
    "price_2": "0,33€/vnt.",
    "extra_info": "–31%"
  },
  {
    "image_url": "https://cdn.barbora.lt/products/b8c1d10d-8392-414c-881a-8eca39c8348e_m.png",
    "title": "Atstatomasis plaukų balzamas NATURA SIBERICA (ARCTIC ROSE), 400 ml",
    "price": "7.99",
    "price_2": null,
    "extra_info": "2 ar daugiau su –40%"
  },
  {
    "image_url": "https://cdn.barbora.lt/products/1de22fc3-f898-4c3e-a25f-1e20a475ec4b_m.png",
    "title": "Plaukų formavimo molis GOT2B Phenomenal, 100 ml",
    "price": "10.69",
    "price_2": null,
    "extra_info": "2 ar daugiau su –40%"
  },
  {
    "image_url": "https://cdn.barbora.lt/products/1d963390-d150-4390-92c4-75a39498ec07_m.png",
    "title": "Moteriškos pėdkelnės ORI Cristal20, 2,nero",
    "price": "1.84",
    "price_2": "1,84€/vnt.",
    "extra_info": "–50%"
  },
  {
    "image_url": "https://cdn.barbora.lt/products/890987a8-26b3-4ea9-ac3a-de8fe32b4a29_m.png",
    "title": "Moteriškos pėdkelnės  ORI Cristal20, 5,nero",
    "price": "1.84",
    "price_2": "1,84€/vnt.",
    "extra_info": "–50%"
  },
  {
    "image_url": "https://cdn.barbora.lt/products/5121d929-13af-49c2-b307-b53b909154b5_m.png",
    "title": "Moteriškos kojinaitės immagine Italiana Sneaker M, 39-42,nature",
    "price": "2.74",
    "price_2": "1,37€/vnt.",
    "extra_info": "–50%"
  },
  {
    "image_url": "https://cdn.barbora.lt/products/677b079c-6016-4c35-b713-b2e437d56348_m.png",
    "title": "Veido kremas-gelis NEUTROGENA HYDRO BOOST, 50 ml",
    "price": "13.99",
    "price_2": "279,8€/l",
    "extra_info": "–30%"
  },
  {
    "image_url": "https://cdn.barbora.lt/products/d8add614-1e50-4b46-a401-ccfff1d38067_m.png",
    "title": "Moteriškos pėdkelnės IMG Charme 80den 2 dydis nero",
    "price": "2.49",
    "price_2": "2,49€/vnt.",
    "extra_info": "–50%"
  },
  {
    "image_url": "https://cdn.barbora.lt/products/c69160eb-df50-48c7-8f7d-1fb874c8f96c_m.png",
    "title": "Dantų šepetėlis ELMEX ULTRA SOFT, 1 vnt.",
    "price": "8.79",
    "price_2": null,
    "extra_info": "2 ar daugiau su –40%"
  },
  {
    "image_url": "https://cdn.barbora.lt/products/194c5686-d7c7-46e7-b910-6aae065e8a6c_m.png",
    "title": "Higieniniai įklotai CAREFREE COTTON FRESH, 56 vnt.",
    "price": "3.79",
    "price_2": "0,07€/vnt.",
    "extra_info": "–31%"
  },
  {
    "image_url": "https://cdn.barbora.lt/products/74b70d06-d307-423b-bc68-37b5d76520f9_m.png",
    "title": "ECODENTA organic daugiafunkcė dantų pasta su kanapių aliejumi 75 ml",
    "price": "6.79",
    "price_2": null,
    "extra_info": "2 ar daugiau su –40%"
  },
  {
    "image_url": "https://cdn.barbora.lt/products/200d7e6f-fc26-4643-89b2-acbaa033235f_m.png",
    "title": "Moteriškas purškiamas dezodorantas REXONA BLUE POPPY&APPL.150",
    "price": "2.09",
    "price_2": "13,93€/l",
    "extra_info": "–51%"
  },
  {
    "image_url": "https://cdn.barbora.lt/products/0f443f5f-8ec6-4abb-9455-2b8bc4cc5629_m.png",
    "title": "Moteriškos pėdkelnės IMMAGINE FIT UP 40, 3 dydis, 1 vnt.",
    "price": "3.19",
    "price_2": "3,19€/vnt.",
    "extra_info": "–50%"
  },
  {
    "image_url": "https://cdn.barbora.lt/products/2963c44b-2b34-45a8-8ec7-7093d709d13d_m.png",
    "title": "Vyriškos darbinės kojinės FRIENDS, 39-42 dydis, 2 vnt.",
    "price": "5.39",
    "price_2": "2,7€/vnt.",
    "extra_info": "–40%"
  },
  {
    "image_url": "https://cdn.barbora.lt/products/4620901a-3dce-49a7-ad8e-dcf9737f799f_m.png",
    "title": "Plaukų balzamas silpniems plaukams SUPER SIBERICA, 400 ml",
    "price": "8.99",
    "price_2": null,
    "extra_info": "2 ar daugiau su –40%"
  },
  {
    "image_url": "https://cdn.barbora.lt/products/8aa26670-512e-4a82-8d69-3370ff737b33_m.png",
    "title": "Silpnų plaukų šampūnas SUPER SIBERICA, 400 ml, 400 ml",
    "price": "9.59",
    "price_2": null,
    "extra_info": "2 ar daugiau su –40%"
  },
  {
    "image_url": "https://cdn.barbora.lt/products/1b2a7581-5a60-4eec-9c22-9ee8d148575e_m.png",
    "title": "Vaikiškas kūno ir plaukų šampūnas FROSCH, 300 ml",
    "price": "3.59",
    "price_2": null,
    "extra_info": "2 ar daugiau su –40%"
  },
  {
    "image_url": "https://cdn.barbora.lt/products/6f6280ec-dc4d-45a6-b3cb-c935ddacefb2_m.png",
    "title": "Moteriškos pėdkelnės IMMAGINE CHARME NERO 5 dydis,50 d.",
    "price": "2.14",
    "price_2": "2,14€/vnt.",
    "extra_info": "–50%"
  },
  {
    "image_url": "https://cdn.barbora.lt/products/bcbf3731-52b9-40d1-bebb-570124fa5f94_m.png",
    "title": "Plaukų serumo ampulės PANTENE Intensive Repair Active Nutri-Plex,45 ml (3x15ml)",
    "price": "7.49",
    "price_2": null,
    "extra_info": "2 ar daugiau su –40%"
  },
  {
    "image_url": "https://cdn.barbora.lt/products/1837d478-12fe-401c-ba1d-cc340cf79456_m.png",
    "title": "Dantų pasta GREEN FEEL'S, 75 ml",
    "price": "4.99",
    "price_2": null,
    "extra_info": "2 ar daugiau su –40%"
  },
  {
    "image_url": "https://cdn.barbora.lt/products/756a7c93-ee26-4d29-8d6a-432f127f66c9_m.png",
    "title": "Atkuriamoji plaukų priemonė GLISS Ultimate Repair 7 seconds, 200 ml",
    "price": "11.99",
    "price_2": null,
    "extra_info": "2 ar daugiau su –40%"
  },
  {
    "image_url": "https://cdn.barbora.lt/products/ae64ec88-2af1-4e20-9e9a-09405ce59eb2_m.png",
    "title": "Moteriškas purškiamasis dezodorantas REXONA FRESH POWER, 150 ml",
    "price": "2.09",
    "price_2": "13,93€/l",
    "extra_info": "–51%"
  },
  {
    "image_url": "https://cdn.barbora.lt/products/414b59a5-eb50-4f23-92a6-9b96a2b77587_m.png",
    "title": "Vyriškos boksinukės SPARTA, XL",
    "price": "4.99",
    "price_2": "4,99€/vnt.",
    "extra_info": "–50%"
  },
  {
    "image_url": "https://cdn.barbora.lt/products/0dfea409-880c-41e8-940a-00e3232295cd_m.png",
    "title": "Automobilių oro gaiviklis AREON X VERSION SPRING BOUQUET, 1 vnt.",
    "price": "1.19",
    "price_2": null,
    "extra_info": "2 ar daugiau su –40%"
  },
  {
    "image_url": "https://cdn.barbora.lt/products/f516645d-d185-4149-83d9-00f82bee9bc1_m.png",
    "title": "Garnier Fructis Goodbye Damage nenuplaunamasis kremas, 400 ml",
    "price": "8.29",
    "price_2": null,
    "extra_info": "2 ar daugiau su –40%"
  },
  {
    "image_url": "https://cdn.barbora.lt/products/e72f6f3a-1eb1-41c0-a8a9-90aa79cf874f_m.png",
    "title": "Vaikiškos kojinės, SEVEN LEMON, 1 pora, dydis: 31-33, medvilnė",
    "price": "1.49",
    "price_2": null,
    "extra_info": "2 ar daugiau su –40%"
  },
  {
    "image_url": "https://cdn.barbora.lt/products/048b6919-9600-4fba-9abe-9376f46d0459_m.png",
    "title": "Vaikiškos kojinės, SEVEN LEMON, 1 pora, dydis: 37-38, medvilnė",
    "price": "1.49",
    "price_2": null,
    "extra_info": "2 ar daugiau su –40%"
  },
  {
    "image_url": "https://cdn.barbora.lt/products/ce3dd11a-5193-4238-b234-81d54cb7a263_m.png",
    "title": "Vaikiškos kojinės, SEVEN LEMON, 1 pora,  31-33 dydis, medvilnė",
    "price": "1.49",
    "price_2": null,
    "extra_info": "2 ar daugiau su –40%"
  },
  {
    "image_url": "https://cdn.barbora.lt/products/52304332-d200-4b28-a684-a5a01fe4e194_m.png",
    "title": "Vaikiškos kojinės, SEVEN LEMON, 1 pora, 34-36 dydis, medvilnė",
    "price": "1.49",
    "price_2": null,
    "extra_info": "2 ar daugiau su –40%"
  },
  {
    "image_url": "https://cdn.barbora.lt/products/b7f3751a-fd2a-4d8c-9a81-f311e7993bb0_m.png",
    "title": "Plaukų kaukė GREEN FEEL'S, 200 ml",
    "price": "7.99",
    "price_2": null,
    "extra_info": "2 ar daugiau su –40%"
  },
  {
    "image_url": "https://cdn.barbora.lt/products/98e83b91-0f58-433c-b66f-01325416a22c_m.png",
    "title": "Vyriškos trumpikės SPARTA, art.212-49-4957, L",
    "price": "9.74",
    "price_2": "4,87€/vnt.",
    "extra_info": "–50%"
  },
  {
    "image_url": "https://cdn.barbora.lt/products/830264f6-c7ed-450a-8250-d65f6b917122_m.png",
    "title": "Dažomasis plaukų kremas PALETTE DELUXE, Nr. 11-11, 1 vnt.",
    "price": "7.79",
    "price_2": null,
    "extra_info": "2 ar daugiau su –40%"
  },
  {
    "image_url": "https://cdn.barbora.lt/products/26a775d7-068f-4eed-838a-a38cce6eb0d4_m.png",
    "title": "Plaukų vaškas SYOSS Max Hold, 150 ml",
    "price": "8.99",
    "price_2": null,
    "extra_info": "2 ar daugiau su –40%"
  },
  {
    "image_url": "https://cdn.barbora.lt/products/96232883-ea31-4038-86e7-00d2ca16be24_m.png",
    "title": "Plaukų balzamas GARNIER BOTANIC THERAPY , 200 ml",
    "price": "4.99",
    "price_2": null,
    "extra_info": "2 ar daugiau su –40%"
  },
  {
    "image_url": "https://cdn.barbora.lt/products/8a355c6b-755d-4979-a68d-a0200e7b0be7_m.png",
    "title": "Veido prausimosi gelis NEUTROGENA CLEAR&DEFEND, 200 ml",
    "price": "7.69",
    "price_2": "38,45€/l",
    "extra_info": "–30%"
  },
  {
    "image_url": "https://cdn.barbora.lt/products/0933966c-cb5d-4b4d-8f95-6e1fa7267e4e_m.png",
    "title": "Plaukų šampūnas GARNIER BOTANIC , 400 ml",
    "price": "5.69",
    "price_2": null,
    "extra_info": "2 ar daugiau su –40%"
  },
  {
    "image_url": "https://cdn.barbora.lt/products/bc215877-b471-4c13-9fde-79b6e060241a_m.png",
    "title": "Moteriškos pėdkelnės IMMAGINE TUTO NUDO NERO, 20 den., 5 d., 1 vnt.",
    "price": "1.99",
    "price_2": "1,99€/vnt.",
    "extra_info": "–50%"
  },
  {
    "image_url": "https://cdn.barbora.lt/products/58298f68-8079-4f60-baa1-af374e8c8bc9_m.png",
    "title": "Plaukų purškiklis SYOSS Keratin, 200 ml",
    "price": "8.29",
    "price_2": null,
    "extra_info": "2 ar daugiau su –40%"
  },
  {
    "image_url": "https://cdn.barbora.lt/products/5fe0fe0d-987d-4e35-bcd1-605366e9ec5e_m.png",
    "title": "Dantų šepetėlis SENSODYNE NOURISH HEALTHY WHITE SOFT, 1 vnt.",
    "price": "5.79",
    "price_2": null,
    "extra_info": "2 ar daugiau su –40%"
  },
  {
    "image_url": "https://cdn.barbora.lt/products/1ba5adc8-2cf0-46fb-93bb-39f663d976b4_m.png",
    "title": "Dantų šepetėlis SENSODYNE NOURISH HEALTHY CLEAN SOFT, 1 vnt.",
    "price": "5.79",
    "price_2": null,
    "extra_info": "2 ar daugiau su –40%"
  },
  {
    "image_url": "https://cdn.barbora.lt/products/e05c4f41-de22-4a03-a6ef-d5662db44e86_m.png",
    "title": "Stiklų valiklis ROTZ, 500ml",
    "price": "2.99",
    "price_2": null,
    "extra_info": "2 ar daugiau su –40%"
  },
  {
    "image_url": "https://cdn.barbora.lt/products/4c505026-b5c9-4460-a7f9-0a364e162a9e_m.png",
    "title": "Higieniniai įklotai ALWAYS Normal, 0% Perfume, 30 vnt.",
    "price": "2.85",
    "price_2": "0,1€/vnt.",
    "extra_info": "–30%"
  },
  {
    "image_url": "https://cdn.barbora.lt/products/3d878c02-a687-44fe-978b-1e6afa0dd63d_m.png",
    "title": "Moteriškos pėdkelnės IMG FORMING SLIM 40, 5 dydis, neutro",
    "price": "2.89",
    "price_2": "2,89€/vnt.",
    "extra_info": "–50%"
  },
  {
    "image_url": "https://cdn.barbora.lt/products/425ea2e8-24dc-4bac-a537-2932f5654eba_m.png",
    "title": "Moteriškas purškiamasis dezodorantas REXONA ALOE VERA, 200 ml",
    "price": "2.89",
    "price_2": "14,45€/l",
    "extra_info": "–50%"
  },
  {
    "image_url": "https://cdn.barbora.lt/products/bdd37d6c-efa3-4467-955e-06c22d86d56f_m.png",
    "title": "Šaldytas keptas čeburekas LIŪTUKAS su mėsos įdaru, 130 g",
    "price": "0.69",
    "price_2": "5,31€/kg",
    "extra_info": "–50%"
  },
  {
    "image_url": "https://cdn.barbora.lt/products/0d5ef3cb-d3c2-44b3-bdde-b57233630ed8_m.png",
    "title": "Elektrinis dantų šepetėlis ORAL-B Vitality Pro Kids 3+ metų, Frozen",
    "price": "45.99",
    "price_2": null,
    "extra_info": "2 ar daugiau su –40%"
  },
  {
    "image_url": "https://cdn.barbora.lt/products/936aa0db-710b-4934-a184-ee991895b76a_m.png",
    "title": "Servetėlės matiniams prietaisų skydeliams valyti TURTLE WAX, 24 vnt.",
    "price": "2.49",
    "price_2": "0,1€/vnt.",
    "extra_info": "–50%"
  },
  {
    "image_url": "https://cdn.barbora.lt/products/301455ad-b4e7-40f6-8588-2f48ca022969_m.png",
    "title": "Satino patalynės komplektas, 140 x 200 cm, 50 x 70 cm, 1 vnt.",
    "price": "27.99",
    "price_2": null,
    "extra_info": "2 ar daugiau su –40%"
  },
  {
    "image_url": "https://cdn.barbora.lt/products/2d10840a-6ece-4a42-8a36-4480ae7d0bd4_m.png",
    "title": "NIVEA MEN Fresh Active pieštukinis dezodorantas vyrams, 50 ml",
    "price": "2.69",
    "price_2": "53,8€/l",
    "extra_info": "–50%"
  },
  {
    "image_url": "https://cdn.barbora.lt/products/4748eff7-de76-4e9f-9250-1ac4affe4685_m.png",
    "title": "AQUAFRESH dantų šepetėlis My Big Teeth Soft",
    "price": "3.49",
    "price_2": null,
    "extra_info": "2 ar daugiau su –40%"
  },
  {
    "image_url": "https://cdn.barbora.lt/products/1cc44975-68ef-456e-bfcf-6f086c43f0dc_m.png",
    "title": "Baltyminiai vafliai NUTRAMINO, riešutų ir šokolado skonio, 39 g",
    "price": "2.49",
    "price_2": null,
    "extra_info": "2 ar daugiau su –25%"
  },
  {
    "image_url": "https://cdn.barbora.lt/products/cd73df42-fef1-46eb-89db-6918d8db4080_m.png",
    "title": "Auto oro gaiviklis ROTZ strawberry",
    "price": "1.19",
    "price_2": null,
    "extra_info": "2 ar daugiau su –40%"
  },
  {
    "image_url": "https://cdn.barbora.lt/products/6fb49091-83d7-4644-94da-95333ca4fc7b_m.png",
    "title": "Automobilių oro gaiviklis ROTZ MIDNIGHT BLOOM, 1 vnt.",
    "price": "1.19",
    "price_2": null,
    "extra_info": "2 ar daugiau su –40%"
  },
  {
    "image_url": "https://cdn.barbora.lt/products/bd74c40e-9804-4683-b4a4-09077852640a_m.png",
    "title": "Automobilių oro gaiviklis ROTZ OUD AND PEPPER",
    "price": "1.19",
    "price_2": null,
    "extra_info": "2 ar daugiau su –40%"
  },
  {
    "image_url": "https://cdn.barbora.lt/products/43465401-8908-429d-a39c-f2a24e17da8a_m.png",
    "title": "Vazoninė gėlė orchidėja 3 šakos",
    "price": "7.99",
    "price_2": "7,99€/vnt.",
    "extra_info": "–47%"
  },
  {
    "image_url": "https://cdn.barbora.lt/products/f3c9c975-0e0b-472a-ac96-dd6377777ea6_m.png",
    "title": "Dantų pasta COLGATE MAX WHITE BYE BYE STAINS, 75 ml",
    "price": "6.29",
    "price_2": null,
    "extra_info": "2 ar daugiau su –40%"
  },
  {
    "image_url": "https://cdn.barbora.lt/products/9826449c-712a-4750-9575-33888e29b639_m.png",
    "title": "Augalinės kilmės piršteliai GOURMET GREEN, 150 g",
    "price": "2.39",
    "price_2": "15,93€/kg",
    "extra_info": "–20%"
  },
  {
    "image_url": "https://cdn.barbora.lt/products/446b98c8-a89d-4810-a7f3-a65d539929cc_m.png",
    "title": "Plaukų šampūnas HEAD&SHOULDERS Pro Expert 7 Anti-hairfall defence, 250 ml",
    "price": "9.29",
    "price_2": null,
    "extra_info": "2 ar daugiau su –40%"
  },
  {
    "image_url": "https://cdn.barbora.lt/products/b7516e17-541c-4ed5-815a-335f17554fab_m.png",
    "title": "Kūno prausiklis FAITH IN NATURE DRAGON FRUIT, 400 ml",
    "price": "5.59",
    "price_2": "13,98€/l",
    "extra_info": "–30%"
  },
  {
    "image_url": "https://cdn.barbora.lt/products/53056277-3bf8-47a1-a262-74643ca2dbfe_m.png",
    "title": "Plaukų šampūnas HEAD&SHOULDERS Classic Clean, 500 ml",
    "price": "9.59",
    "price_2": null,
    "extra_info": "2 ar daugiau su –40%"
  },
  {
    "image_url": "https://cdn.barbora.lt/products/4ba5578c-ba1b-458a-8420-d6cc90b4f4e7_m.png",
    "title": "Citrinų rūgštis SANTA MARIA, 32 g",
    "price": "0.99",
    "price_2": null,
    "extra_info": "2 ar daugiau su –50%"
  },
  {
    "image_url": "https://cdn.barbora.lt/products/1714c142-b7d1-4a8d-87ad-dc6f6c8b8b7b_m.png",
    "title": "Dantų pasta COLGATE TOTAL ANTI-TARTAR, 75 ml",
    "price": "4.49",
    "price_2": null,
    "extra_info": "2 ar daugiau su –40%"
  },
  {
    "image_url": "https://cdn.barbora.lt/products/f566ef40-0a4e-4231-a4c6-2b700210aeb2_m.png",
    "title": "NIVEA MEN HYALURON balzamas po skutimosi, 100 ml",
    "price": "5.99",
    "price_2": "59,9€/l",
    "extra_info": "–50%"
  },
  {
    "image_url": "https://cdn.barbora.lt/products/bf367444-786f-4588-abeb-26fe89384e71_m.png",
    "title": "Plaukų šampūnas HEAD&SHOULDERS Smooth&Silky 2in1, 330 ml",
    "price": "8.49",
    "price_2": null,
    "extra_info": "2 ar daugiau su –40%"
  },
  {
    "image_url": "https://cdn.barbora.lt/products/dd24d457-6b00-43e0-b041-90540f8b51fa_m.png",
    "title": "Dieninis veido kremas NIVEA Q10 SPF30, 50 ml",
    "price": "9.99",
    "price_2": "199,8€/l",
    "extra_info": "–50%"
  },
  {
    "image_url": "https://cdn.barbora.lt/products/13053abe-3a54-45be-a4bd-cd155bf4f109_m.png",
    "title": "NIVEA MEN POWER drėkinamasis kremas SU SPF30, 50 ml",
    "price": "7.19",
    "price_2": "143,8€/l",
    "extra_info": "–50%"
  },
  {
    "image_url": "https://cdn.barbora.lt/products/652b535b-f9ae-4d3a-95a2-7155ff0f624c_m.png",
    "title": "Plaukų dažai GARNIER OLIA, Nr. 5.0, 1 vnt.",
    "price": "9.49",
    "price_2": null,
    "extra_info": "2 ar daugiau su –40%"
  },
  {
    "image_url": "https://cdn.barbora.lt/products/c8858a82-3c19-4a3b-b226-b774ccb985df_m.png",
    "title": "Plaukų serumas AUSSIE SOS Hydration, 160 ml",
    "price": "12.49",
    "price_2": null,
    "extra_info": "2 ar daugiau su –40%"
  },
  {
    "image_url": "https://cdn.barbora.lt/products/605322d9-3dee-4219-bf93-cf4fc2a63297_m.png",
    "title": "TaftxGliss plaukų lakas \"Holding Me Strongly\" 250ml Naujiena",
    "price": "6.49",
    "price_2": null,
    "extra_info": "2 ar daugiau su –40%"
  },
  {
    "image_url": "https://cdn.barbora.lt/products/7447ea8e-6288-4b17-b849-abcede7e0331_m.png",
    "title": "ODA PRO Maitinamasis apsauginis veido kremas su keramidais bičių vašku",
    "price": "21.65",
    "price_2": "433€/l",
    "extra_info": "–30%"
  },
  {
    "image_url": "https://cdn.barbora.lt/products/6701a86a-77da-438e-a05c-370fa0fc6a0d_m.png",
    "title": "ODA PRO Giliai valantis prausiklis su 7% glikolio rūgštimi",
    "price": "16.75",
    "price_2": "83,75€/l",
    "extra_info": "–30%"
  },
  {
    "image_url": "https://cdn.barbora.lt/products/356f057c-b77a-4847-9797-cb9306b58591_m.png",
    "title": "Dantų pasta PARODONTAX GUM STRENGHTEN & PROTECT, 75 ml",
    "price": "7.99",
    "price_2": null,
    "extra_info": "2 ar daugiau su –40%"
  },
  {
    "image_url": "https://cdn.barbora.lt/products/ac279567-f5f0-4163-a777-8e0889ecc25d_m.png",
    "title": "ELSEVE  kondicionierius, 150ml",
    "price": "10.99",
    "price_2": null,
    "extra_info": "2 ar daugiau su –40%"
  },
  {
    "image_url": "https://cdn.barbora.lt/products/5f4be14d-9c18-43ac-bada-587325ca6f38_m.png",
    "title": "ELSEVE  kaukė 300 ml",
    "price": "9.19",
    "price_2": null,
    "extra_info": "2 ar daugiau su –40%"
  },
  {
    "image_url": "https://cdn.barbora.lt/products/6435adcd-47b8-488d-8348-d5173a74a14e_m.png",
    "title": "ELSEVE PURPLE šampūnas200ml",
    "price": "8.29",
    "price_2": null,
    "extra_info": "2 ar daugiau su –40%"
  },
  {
    "image_url": "https://cdn.barbora.lt/products/ff0f56b2-aca7-4cfb-a12f-a7ad8017c4ff_m.png",
    "title": "ELSEVE Arganine Resist kaukė, 300ml",
    "price": "7.39",
    "price_2": null,
    "extra_info": "2 ar daugiau su –40%"
  },
  {
    "image_url": "https://cdn.barbora.lt/products/f938ba85-846f-4e19-b6a3-c8452f37f22b_m.png",
    "title": "NIVEA CELLULAR EXPERT FILLER STANGRUMĄ ATKURIANTIS SERUMAS SU GRYNA MIKROHIALURONO RŪGŠTIMI, 15 ml",
    "price": "9.69",
    "price_2": "646€/l",
    "extra_info": "–50%"
  },
  {
    "image_url": "https://cdn.barbora.lt/products/57548807-ced7-4f10-9ce2-d0d3fde02b99_m.png",
    "title": "Antakių formavimo gelis GOT2B Brows&Edges, 16ml",
    "price": "8.99",
    "price_2": null,
    "extra_info": "2 ar daugiau su –40%"
  },
  {
    "image_url": "https://cdn.barbora.lt/products/caadebb7-ad12-4de7-a322-1274007da6c9_m.png",
    "title": "NIVEA CELLULAR EXPERT FILLER stangrumą atskuriantis serumas, 30 ml",
    "price": "10.99",
    "price_2": "366,33€/l",
    "extra_info": "–50%"
  },
  {
    "image_url": "https://cdn.barbora.lt/products/90015d34-a9aa-4556-b4fd-2a1c7eeb656e_m.png",
    "title": "Veido prausimosi putos NEUTROGENA CURCUMA CLEAR, 150 ml",
    "price": "6.29",
    "price_2": "41,93€/l",
    "extra_info": "–30%"
  },
  {
    "image_url": "https://cdn.barbora.lt/products/add7bd46-f6c6-4972-a58f-fdefd3b462bc_m.png",
    "title": "Plaukų šampūnas HEAD&SHOULDERS Clarify & Shine, 400 ml",
    "price": "8.49",
    "price_2": null,
    "extra_info": "2 ar daugiau su –40%"
  },
  {
    "image_url": "https://cdn.barbora.lt/products/a234ec88-9639-470f-8fa2-7f0814efaa14_m.png",
    "title": "Kojinės IMMAGINE, 39-42, kūno spalvos",
    "price": "1.99",
    "price_2": "1,99€/vnt.",
    "extra_info": "–50%"
  },
  {
    "image_url": "https://cdn.barbora.lt/products/d70c767f-db4c-424a-9a3c-2d814156e2db_m.png",
    "title": "Vyriškas purškiamas dezodorantas REXONA INVISIBLE ON BLACK+WHITE, 200 ml",
    "price": "2.99",
    "price_2": "14,95€/l",
    "extra_info": "–50%"
  },
  {
    "image_url": "https://cdn.barbora.lt/products/f3164ef1-88ef-4f36-b047-7b54e0e8ad44_m.png",
    "title": "GREEN FEEL'S šampūnas nuo pleiskanų 400ml",
    "price": "5.49",
    "price_2": null,
    "extra_info": "2 ar daugiau su –40%"
  },
  {
    "image_url": "https://cdn.barbora.lt/products/3929efe3-35bf-4dd8-ab58-7935a6e24c7b_m.png",
    "title": "GREEN FEEL'S sausų plaukų kondicionierius 250ml",
    "price": "5.49",
    "price_2": null,
    "extra_info": "2 ar daugiau su –40%"
  },
  {
    "image_url": "https://cdn.barbora.lt/products/ba9107f1-7334-497d-ad58-20c6154f22e3_m.png",
    "title": "Dantų šepetėlis ORAL-B Pro-Sensitive Advanced, Gentle Clean, Extra Soft, 1 vnt.",
    "price": "4.49",
    "price_2": null,
    "extra_info": "2 ar daugiau su –40%"
  },
  {
    "image_url": "https://cdn.barbora.lt/products/05db77e0-c64c-4984-be4e-984a703904bb_m.png",
    "title": "NIVEA MEN Sensitive purškiamas antiperspirantas vyrams 150 ml",
    "price": "2.39",
    "price_2": "15,93€/l",
    "extra_info": "–50%"
  },
  {
    "image_url": "https://cdn.barbora.lt/products/07f927fc-b2d7-4ec4-8471-b73d9fb04393_m.png",
    "title": "NIVEA pieštukinis antiperspirantas Restore moterims 50 ml",
    "price": "2.69",
    "price_2": "53,8€/l",
    "extra_info": "–50%"
  },
  {
    "image_url": "https://cdn.barbora.lt/products/51c85c82-6e20-4e46-b6a7-e90866299d23_m.png",
    "title": "Patalynės komplektas 140x200/50x70cm",
    "price": "15.99",
    "price_2": null,
    "extra_info": "2 ar daugiau su –40%"
  },
  {
    "image_url": "https://cdn.barbora.lt/products/9d308b25-e6cf-4214-b67b-00c148b5e64e_m.png",
    "title": "SENSODYNE dantų pasta Cavity Sensitivity White, 75ml",
    "price": "6.49",
    "price_2": null,
    "extra_info": "2 ar daugiau su –40%"
  },
  {
    "image_url": "https://cdn.barbora.lt/products/eb47c553-937e-4cc1-93e9-dd18066f581b_m.png",
    "title": "Satininės patalynės komplektas 140x200/50x70cm,žalia, dryžuota",
    "price": "24.99",
    "price_2": null,
    "extra_info": "2 ar daugiau su –40%"
  },
  {
    "image_url": "https://cdn.barbora.lt/products/ed7a8215-deef-4a6a-be80-078a2ef59804_m.png",
    "title": "HUMBLE augalinės kilmės dantų šepetėlis, 1 vnt, MIX",
    "price": "2.99",
    "price_2": null,
    "extra_info": "2 ar daugiau su –40%"
  },
  {
    "image_url": "https://cdn.barbora.lt/products/ae5b9766-0083-4f8a-9966-b47bb767781b_m.png",
    "title": "Patalynės komplektas 140x200/50x70cm,pilka",
    "price": "15.99",
    "price_2": null,
    "extra_info": "2 ar daugiau su –40%"
  },
  {
    "image_url": "https://cdn.barbora.lt/products/00837421-90a2-495d-a772-7702706070bc_m.png",
    "title": "Satininės patalynės komplektas 140x200/50x70cm,b.kavos",
    "price": "24.99",
    "price_2": null,
    "extra_info": "2 ar daugiau su –40%"
  },
  {
    "image_url": "https://cdn.barbora.lt/products/b2e37a81-90a8-4b65-8198-5f6dbee0febc_m.png",
    "title": "Satininės patalynės komplektas 200x220/2x50x70cm t.mėlyna, dryžuota",
    "price": "39.99",
    "price_2": null,
    "extra_info": "2 ar daugiau su –40%"
  },
  {
    "image_url": "https://cdn.barbora.lt/products/34c067e7-8cd6-4e6a-95d9-8bcd88f96d5d_m.png",
    "title": "Satininė paklodė su guma, 180x200+30cm,t.pilka",
    "price": "29.99",
    "price_2": null,
    "extra_info": "2 ar daugiau su –40%"
  },
  {
    "image_url": "https://cdn.barbora.lt/products/92b9891c-c8e5-432b-8315-9c00f8f78aeb_m.png",
    "title": "Kilpinis rankšluostis 50x90cm, balintos kavos",
    "price": "7.99",
    "price_2": null,
    "extra_info": "2 ar daugiau su –40%"
  },
  {
    "image_url": "https://cdn.barbora.lt/products/7275268c-19ea-4f5d-87db-ecb04d250d0b_m.png",
    "title": "Satininė paklodė su guma 180x200+30cm,chaki",
    "price": "16.99",
    "price_2": null,
    "extra_info": "2 ar daugiau su –40%"
  },
  {
    "image_url": "https://cdn.barbora.lt/products/3c0bcb63-e9eb-4fad-a144-cab7fd5847cd_m.png",
    "title": "Satininė paklodė su guma 180x200+30cm,š. ruda",
    "price": "16.99",
    "price_2": null,
    "extra_info": "2 ar daugiau su –40%"
  },
  {
    "image_url": "https://cdn.barbora.lt/products/2b348ef7-2bcc-42ea-9896-3e37925bc727_m.png",
    "title": "OGX Bond Protein atkuriamasis kondicionierius, 385ml",
    "price": "13.99",
    "price_2": null,
    "extra_info": "2 ar daugiau su –40%"
  },
  {
    "image_url": "https://cdn.barbora.lt/products/2c154903-ecd9-4bfd-9203-13083a8fe4cf_m.png",
    "title": "Dantų pasta Lacalut sensitive PLUS",
    "price": "4.19",
    "price_2": "55,86€/l",
    "extra_info": "–35%"
  },
  {
    "image_url": "https://cdn.barbora.lt/products/a5bc2a74-dbf3-479d-a60a-a69aa465bcc6_m.png",
    "title": "NIVEA Fresh Active purškiamasis antiperspirantas vyrams, 150 ml",
    "price": "2.39",
    "price_2": "15,93€/l",
    "extra_info": "–50%"
  },
  {
    "image_url": "https://cdn.barbora.lt/products/bc38abe3-c1ba-470f-a2a7-2d948a5e9359_m.png",
    "title": "Salono valiklis TURTLE WAX, braškių kvapo, 500 ml",
    "price": "3.74",
    "price_2": "7,48€/l",
    "extra_info": "–50%"
  },
  {
    "image_url": "https://cdn.barbora.lt/products/2ea642fa-555d-4f16-a50e-1879dd635f36_m.png",
    "title": "Sėdynių valiklis su šepečiu TURTLE WAX, 400 ml",
    "price": "4.49",
    "price_2": "11,23€/l",
    "extra_info": "–50%"
  },
  {
    "image_url": "https://cdn.barbora.lt/products/0e3734ee-2663-4c60-a4b2-aa7c1e74fda4_m.png",
    "title": "Aitriosios uoginės paprikos SANTA MARIA, 215 g",
    "price": "3.49",
    "price_2": null,
    "extra_info": "2 ar daugiau su –50%"
  },
  {
    "image_url": "https://cdn.barbora.lt/products/696317f1-4496-4965-a195-26e2292577eb_m.png",
    "title": "Plaukų dažai L'OREAL CASTING CREME GLOSS, Nr. 400, 1 vnt.",
    "price": "10.59",
    "price_2": null,
    "extra_info": "2 ar daugiau su –40%"
  },
  {
    "image_url": "https://cdn.barbora.lt/products/7da45cfe-d990-453d-bda0-a291ca5ede63_m.png",
    "title": "Plaukų dažai L'OREAL EXCELLENCE CREME, Nr. 300, 1 vnt.",
    "price": "7.09",
    "price_2": "7,09€/vnt.",
    "extra_info": "–35%"
  },
  {
    "image_url": "https://cdn.barbora.lt/products/6d64c9b4-c597-416a-abcb-3a76d83ab45a_m.png",
    "title": "Plaukų dažai L'OREAL EXCELLENCE CREME, Nr. 400, 1 vnt.",
    "price": "7.09",
    "price_2": "7,09€/vnt.",
    "extra_info": "–35%"
  },
  {
    "image_url": "https://cdn.barbora.lt/products/fec8ab88-ea94-486c-9cef-10d01c71dc36_m.png",
    "title": "Vaikiškas pledas (100x140 cm), 1 vnt.",
    "price": "15.99",
    "price_2": null,
    "extra_info": "2 ar daugiau su –40%"
  },
  {
    "image_url": "https://cdn.barbora.lt/products/3fb00e99-c122-4d26-83af-2716e8866477_m.png",
    "title": "Aušinimo skystis TURTLE WAX G12 (-35°C, 4 L), 4 l",
    "price": "6.49",
    "price_2": "1,62€/l",
    "extra_info": "–50%"
  },
  {
    "image_url": "https://cdn.barbora.lt/products/bcf52021-cff2-4e96-b6cf-c5178f8c1b39_m.png",
    "title": "Automobilio oro gaiviklis WUNDER-BAUM, RELAX, 1 vnt.",
    "price": "1.49",
    "price_2": null,
    "extra_info": "2 ar daugiau su –40%"
  },
  {
    "image_url": "https://cdn.barbora.lt/products/c7d646e4-148b-41a1-a181-aa650fae9ded_m.png",
    "title": "Plaukų dažai L'OREAL EXCELLENCE CREME, Nr. 6.41, 1 vnt.",
    "price": "7.09",
    "price_2": "7,09€/vnt.",
    "extra_info": "–35%"
  },
  {
    "image_url": "https://cdn.barbora.lt/products/5f1a0bbf-6bd3-4409-9134-a3a2bed111b6_m.png",
    "title": "Dažom. plaukų kremas PALETTE INTENSIVE COLOR CR, Nr. 9.5-1, 1 vnt.",
    "price": "5.49",
    "price_2": null,
    "extra_info": "2 ar daugiau su –40%"
  },
  {
    "image_url": "https://cdn.barbora.lt/products/96a9bf3d-62f3-4f1e-987c-46dab9cd3785_m.png",
    "title": "Atstatomasis plaukų balzamas-kaukė ELFA, 200 ml",
    "price": "3.33",
    "price_2": null,
    "extra_info": "2 ar daugiau su –40%"
  },
  {
    "image_url": "https://cdn.barbora.lt/products/a7de426c-4099-42d7-bf39-5a4f79aaa845_m.png",
    "title": "Dažomasis plaukų kremas SYOSS, Nr. 4-2, 1 vnt.",
    "price": "8.99",
    "price_2": null,
    "extra_info": "2 ar daugiau su –40%"
  },
  {
    "image_url": "https://cdn.barbora.lt/products/a83920d0-07e4-498a-a300-8bc9b6985cfa_m.png",
    "title": "Dažomasis plaukų kremas SYOSS COLOR, Nr. 1-4, 1 vnt.",
    "price": "8.99",
    "price_2": null,
    "extra_info": "2 ar daugiau su –40%"
  },
  {
    "image_url": "https://cdn.barbora.lt/products/50162b5f-bbb9-4ee6-a8b8-6fabce5b89bb_m.png",
    "title": "Dažomasis plaukų kremas SYOSS COLOR, Nr. 5-8, 1 vnt.",
    "price": "8.99",
    "price_2": null,
    "extra_info": "2 ar daugiau su –40%"
  },
  {
    "image_url": "https://cdn.barbora.lt/products/6f8b25dd-39c3-4e65-8d6b-9bcb33983ee2_m.png",
    "title": "Plaukų lakas 4 SEASONS EXTRA, 400 ml",
    "price": "2.65",
    "price_2": null,
    "extra_info": "2 ar daugiau su –40%"
  },
  {
    "image_url": "https://cdn.barbora.lt/products/5cf8b312-53f7-48f6-a375-0e16159f503a_m.png",
    "title": "Moteriškos pėdkelnės IMMAGINE Italiana Ledi20, 3,nero,TI,5",
    "price": "1.04",
    "price_2": "1,04€/vnt.",
    "extra_info": "–50%"
  },
  {
    "image_url": "https://cdn.barbora.lt/products/f9cf61c0-4b95-4e88-8493-520fba81523e_m.png",
    "title": "Moteriškos pėdkelnės IMMAGINE Italiana Ledi20, 4,nero,TI,4",
    "price": "1.04",
    "price_2": "1,04€/vnt.",
    "extra_info": "–50%"
  },
  {
    "image_url": "https://cdn.barbora.lt/products/4cd19428-b37c-42eb-a075-2f61373264f5_m.png",
    "title": "Moteriškos pėdkelnės IMMAGINE Italiana Ledi20, 2 d.,neut,TI,3",
    "price": "1.04",
    "price_2": "1,04€/vnt.",
    "extra_info": "–50%"
  },
  {
    "image_url": "https://cdn.barbora.lt/products/eb4ceab3-5658-4134-be69-dfc8728fd7b8_m.png",
    "title": "Dušo gelis vaikams \"FA KIDS Surfing Pirate\", 250ml",
    "price": "3.89",
    "price_2": null,
    "extra_info": "2 ar daugiau su –40%"
  },
  {
    "image_url": "https://cdn.barbora.lt/products/fc957da7-f158-4668-a7e2-81ad26dd7c76_m.png",
    "title": "Moteriškos pėdkelnės IMMAGINE Italiana Ledi20, 4 d.,bronz,TI,4",
    "price": "1.04",
    "price_2": "1,04€/vnt.",
    "extra_info": "–50%"
  },
  {
    "image_url": "https://cdn.barbora.lt/products/84a090cf-afbd-4add-800f-1e2a8ba46f64_m.png",
    "title": "Žalioji arbata BASILUR CEYLON, 100 g",
    "price": "5.99",
    "price_2": null,
    "extra_info": "2 ar daugiau su –25%"
  },
  {
    "image_url": "https://cdn.barbora.lt/products/efb04a3e-64f5-4aa6-a7af-531a6c96dd9a_m.png",
    "title": "Plaukų lakas PROFESSIONAL STYLE, 265 ml",
    "price": "2.35",
    "price_2": null,
    "extra_info": "2 ar daugiau su –40%"
  },
  {
    "image_url": "https://cdn.barbora.lt/products/35522ddb-66ee-405e-98fe-3c9829f80bfe_m.png",
    "title": "Moteriškos puskojinės ORI Star20(2p), universalus,nature,TI,6",
    "price": "1.59",
    "price_2": "0,8€/vnt.",
    "extra_info": "–50%"
  },
  {
    "image_url": "https://cdn.barbora.lt/products/bb99c6ae-2b0c-4f15-9899-a2940b532134_m.png",
    "title": "NIVEA CELLULAR \"EXPERT FILLER“ INTENSYVAUS POVEIKIO NAKTINIS KREMAS, 50 ml",
    "price": "9.99",
    "price_2": "199,8€/l",
    "extra_info": "–50%"
  },
  {
    "image_url": "https://cdn.barbora.lt/products/ae3684d2-8d6b-4fa2-b3c9-d40562d5adf3_m.png",
    "title": "Dažomasis plaukų kremas SYOSS OLEO INTENSE, Nr. 2-10, 1 vnt.",
    "price": "9.49",
    "price_2": null,
    "extra_info": "2 ar daugiau su –40%"
  },
  {
    "image_url": "https://cdn.barbora.lt/products/035b9616-e7e0-425e-aa14-61c9033a9293_m.png",
    "title": "Dažomasis plaukų kremas SYOSS OLEO INTENSE, Nr. 6-76, 1 vnt.",
    "price": "9.49",
    "price_2": null,
    "extra_info": "2 ar daugiau su –40%"
  },
  {
    "image_url": "https://cdn.barbora.lt/products/9dc7be23-0ee4-4a2c-afd1-fc1136571c7f_m.png",
    "title": "Juodoji Ceilono arbata IMPRA ROYAL ELIXIR KNIGHT, 100 g",
    "price": "5.69",
    "price_2": null,
    "extra_info": "2 ar daugiau su –25%"
  },
  {
    "image_url": "https://cdn.barbora.lt/products/75180913-0829-4bd3-8515-886a4e778a11_m.png",
    "title": "Moteriškos puskojinės ORI Star40(2p), un,neut,TI,6",
    "price": "1.74",
    "price_2": "0,87€/vnt.",
    "extra_info": "–50%"
  },
  {
    "image_url": "https://cdn.barbora.lt/products/23f1cce3-ea6a-4b79-84cb-73e8771f9fd0_m.png",
    "title": "Moteriškos pėdkelnės IMG FORMING SLIM 40 , 3 dydis,neutro",
    "price": "2.89",
    "price_2": "2,89€/vnt.",
    "extra_info": "–50%"
  },
  {
    "image_url": "https://cdn.barbora.lt/products/5de38a68-9e6e-4663-a1b0-bb65d6c32b8b_m.png",
    "title": "Moteriškos pėdkelnės IMMAGINE Italiana Ledi20, 5 d.,Neutro",
    "price": "1.04",
    "price_2": "1,04€/vnt.",
    "extra_info": "–50%"
  },
  {
    "image_url": "https://cdn.barbora.lt/products/9ef7bf31-5bab-413c-bd3d-5ab42ef92d87_m.png",
    "title": "Moteriškos pėdkelnės IMMAGINE Italiana Ledi20, 5 d.,Nero",
    "price": "1.04",
    "price_2": "1,04€/vnt.",
    "extra_info": "–50%"
  },
  {
    "image_url": "https://cdn.barbora.lt/products/4882affe-e354-40ba-a8bf-0185c4e1cd01_m.png",
    "title": "Moteriškos pėdkelnės IMMAGINE Italiana Confort40, 5,neutro",
    "price": "1.54",
    "price_2": "1,54€/vnt.",
    "extra_info": "–50%"
  },
  {
    "image_url": "https://cdn.barbora.lt/products/2b488f7c-8cdc-4d2f-b2c2-2e5e266a881d_m.png",
    "title": "Moteriškos pėdkelnės IMMAGINE ItalianaLedi20, 5 d.,bronzo",
    "price": "1.04",
    "price_2": "1,04€/vnt.",
    "extra_info": "–50%"
  },
  {
    "image_url": "https://cdn.barbora.lt/products/c5f71366-bdc5-4ca6-b86d-e914b29538cb_m.png",
    "title": "Plaukų šampūnas HEAD&SHOULDERS  Citrus, 250 ml",
    "price": "6.29",
    "price_2": null,
    "extra_info": "2 ar daugiau su –40%"
  },
  {
    "image_url": "https://cdn.barbora.lt/products/1f4f8f4c-19e0-404a-a008-43a3aa2dce37_m.png",
    "title": "Moteriškos pėdkelnės ORI Control Body40, NERO, 2 dydis",
    "price": "2.84",
    "price_2": "2,84€/vnt.",
    "extra_info": "–50%"
  },
  {
    "image_url": "https://cdn.barbora.lt/products/b5dba8b1-75bb-4bfa-9ace-1fc73dc8d37f_m.png",
    "title": "Pipirų ir druskos malūnėlis KOTANYI, 65 g",
    "price": "2.72",
    "price_2": "41,85€/kg",
    "extra_info": "–30%"
  },
  {
    "image_url": "https://cdn.barbora.lt/products/af4bfc2a-ceee-4370-84bc-8588d08c9fe3_m.png",
    "title": "Plaukų putos INTESA, 200 ml",
    "price": "2.39",
    "price_2": null,
    "extra_info": "2 ar daugiau su –40%"
  },
  {
    "image_url": "https://cdn.barbora.lt/products/d6da5895-7d19-4bd1-afb5-fa2a04e46157_m.png",
    "title": "Moteriškos pėdkelnės IMMAGINE LOLA 40, 3 dydis, 1 vnt.",
    "price": "1.44",
    "price_2": "1,44€/vnt.",
    "extra_info": "–50%"
  },
  {
    "image_url": "https://cdn.barbora.lt/products/39bdbee0-212b-4539-b369-d3a1a68b11b7_m.png",
    "title": "Moteriškos pėdkelnės ORI  Attiva Body40, 5 d.,antracite",
    "price": "1.99",
    "price_2": "1,99€/vnt.",
    "extra_info": "–50%"
  },
  {
    "image_url": "https://cdn.barbora.lt/products/b30152ce-aef1-4730-a759-e43451dd2ba1_m.png",
    "title": "Moteriškos pėdkelnės ORI Control Body70, 3 dydis,nero",
    "price": "2.84",
    "price_2": "2,84€/vnt.",
    "extra_info": "–50%"
  },
  {
    "image_url": "https://cdn.barbora.lt/products/14aadb8a-cdea-4113-9a4a-f607aad415d3_m.png",
    "title": "Moteriškos pėdkelnės IMMAGINE Italiana Only20, 3 d.,nature",
    "price": "1.49",
    "price_2": "1,49€/vnt.",
    "extra_info": "–50%"
  },
  {
    "image_url": "https://cdn.barbora.lt/products/657c00fb-d1b8-487a-aae7-8789f12b0da6_m.png",
    "title": "Moteriškos pėdkelnės IMMAGINE Italiana Only20, 5,nero",
    "price": "1.49",
    "price_2": "1,49€/vnt.",
    "extra_info": "–50%"
  },
  {
    "image_url": "https://cdn.barbora.lt/products/41167ae8-2366-40c7-8709-5f9c50fb5cba_m.png",
    "title": "Dažomasis plaukų šaknų purškiklis SYOSS ROOT RETOUCH,šviesus, 120 ml",
    "price": "9.29",
    "price_2": null,
    "extra_info": "2 ar daugiau su –40%"
  },
  {
    "image_url": "https://cdn.barbora.lt/products/e7deb4cd-6490-4928-934e-f30f8cb689d1_m.png",
    "title": "Moteriškos pėdkelnės IMG Slim 100den 2 dydis nero",
    "price": "3.24",
    "price_2": "3,24€/vnt.",
    "extra_info": "–50%"
  },
  {
    "image_url": "https://cdn.barbora.lt/products/37935685-9c0c-46a6-90d7-cf46c23e6ef1_m.png",
    "title": "Moteriškos pėdkelnės IMMAGINE Italiana Only40, 3 d., nero",
    "price": "1.99",
    "price_2": "1,99€/vnt.",
    "extra_info": "–50%"
  },
  {
    "image_url": "https://cdn.barbora.lt/products/f9b954cd-d1c6-49d8-9b28-9a19c02f4a89_m.png",
    "title": "Moteriškos pėdkelnės IMMAGINE Italiana Only40, 5 d., nero",
    "price": "1.99",
    "price_2": "1,99€/vnt.",
    "extra_info": "–50%"
  },
  {
    "image_url": "https://cdn.barbora.lt/products/20c07791-ae85-4782-afed-31bf81da44c1_m.png",
    "title": "Moteriškos pėdkelnės IMMAGINE Italiana Only40, 3 d.,neutro",
    "price": "1.99",
    "price_2": "1,99€/vnt.",
    "extra_info": "–50%"
  },
  {
    "image_url": "https://cdn.barbora.lt/products/2b522863-1c20-4240-9bfa-bd3029ab00e6_m.png",
    "title": "ECODENTA juodas balinamasis burnos skalavimo skystis su juodąją anglimi 500 ml",
    "price": "6.35",
    "price_2": null,
    "extra_info": "2 ar daugiau su –40%"
  },
  {
    "image_url": "https://cdn.barbora.lt/products/3d04017b-8351-4bf0-8ac2-1189c0c23b98_m.png",
    "title": "Automobilių kvapų šalinimo priemonė TURTLE WAX, 100 ml",
    "price": "3.49",
    "price_2": "34,9€/l",
    "extra_info": "–50%"
  },
  {
    "image_url": "https://cdn.barbora.lt/products/bda9576a-caa5-4c5a-8cd4-efb287b59f77_m.png",
    "title": "Sintetinė alyva WOLVER SUPERTEC SAE 5W-30, 1 l",
    "price": "7.99",
    "price_2": null,
    "extra_info": "2 ar daugiau su –40%"
  },
  {
    "image_url": "https://cdn.barbora.lt/products/25081f4a-a94b-4cfe-88d1-9a1440862a0b_m.png",
    "title": "Sintetinė alyva WOLVER SUPERTEC SAE 5W-30, 4 l",
    "price": "29.99",
    "price_2": null,
    "extra_info": "2 ar daugiau su –40%"
  },
  {
    "image_url": "https://cdn.barbora.lt/products/7fe347fa-cad6-4400-aaef-abca5aeb8716_m.png",
    "title": "Aušinimo skystis G12 ROTZ –35°C 1kg",
    "price": "2.99",
    "price_2": null,
    "extra_info": "2 ar daugiau su –40%"
  },
  {
    "image_url": "https://cdn.barbora.lt/products/78196cc6-f6b5-493b-bc1f-7ad8e747346a_m.png",
    "title": "Vaikiškas kūno prausiklis JOHNSON'S BABY 2 in 1, 500 ml",
    "price": "5.99",
    "price_2": null,
    "extra_info": "2 ar daugiau su –40%"
  },
  {
    "image_url": "https://cdn.barbora.lt/products/cd8f93d4-b9b7-4bcf-b25e-be4733640acd_m.png",
    "title": "STAY COOL burnos gaiviklis, braškių skonio, 20 ml",
    "price": "4.49",
    "price_2": null,
    "extra_info": "2 ar daugiau su –40%"
  },
  {
    "image_url": "https://cdn.barbora.lt/products/07d6efe0-3631-4be0-9874-c02e94c6c7da_m.png",
    "title": "Automobilių oro gaiviklis AREON PEARLS SPORT LUX GOLD, 1 vnt.",
    "price": "3.39",
    "price_2": null,
    "extra_info": "2 ar daugiau su –40%"
  },
  {
    "image_url": "https://cdn.barbora.lt/products/1bb20324-4a79-4bc3-a8be-2da6506799de_m.png",
    "title": "Priemonė giliems įbrėžimams šalinti TURTLE WAX, 200 ml",
    "price": "5.24",
    "price_2": "26,2€/l",
    "extra_info": "–50%"
  },
  {
    "image_url": "https://cdn.barbora.lt/products/82dab14c-5b69-426c-99b1-8e892929373f_m.png",
    "title": "Dažytų plaukų balzamas SUPER SIBERICA, 400 ml",
    "price": "9.09",
    "price_2": null,
    "extra_info": "2 ar daugiau su –40%"
  },
  {
    "image_url": "https://cdn.barbora.lt/products/e1ceb5db-ce71-4901-ba66-03cbaeae0ed8_m.png",
    "title": "Plaukų kaukė SUPER SIBERICA, 300 ml",
    "price": "12.99",
    "price_2": null,
    "extra_info": "2 ar daugiau su –40%"
  },
  {
    "image_url": "https://cdn.barbora.lt/products/89808f48-6a71-4ca0-9752-0e0c1bf7be26_m.png",
    "title": "Žalioji Ceilono arbata IMPRA su jazminais, 200 g",
    "price": "9.99",
    "price_2": null,
    "extra_info": "2 ar daugiau su –25%"
  },
  {
    "image_url": "https://cdn.barbora.lt/products/bd4dbdfa-d14d-4b9b-86b3-90ca61ed03b7_m.png",
    "title": "Juodoji Ceilono arbata IMPRA WILDBERRY, 200 g",
    "price": "9.99",
    "price_2": null,
    "extra_info": "2 ar daugiau su –25%"
  },
  {
    "image_url": "https://cdn.barbora.lt/products/3b8f3f90-8ff1-409f-838d-fdaa1552bdad_m.png",
    "title": "Dantų pasta GREEN FEEL'S, 100 ml",
    "price": "4.99",
    "price_2": null,
    "extra_info": "2 ar daugiau su –40%"
  },
  {
    "image_url": "https://cdn.barbora.lt/products/5f760460-a58f-4b26-aee7-da9115f05dd4_m.png",
    "title": "Plaukų šampūnas GARNIER FRUCTIS HAIR, 350 ml",
    "price": "7.99",
    "price_2": null,
    "extra_info": "2 ar daugiau su –40%"
  },
  {
    "image_url": "https://cdn.barbora.lt/products/128a71b8-bc20-436c-80a5-ea9f9e5c3eb7_m.png",
    "title": "Universaliosios mikropluošto šluostės TURTLE WAX, 3 vnt.",
    "price": "4.99",
    "price_2": "1,66€/vnt.",
    "extra_info": "–50%"
  },
  {
    "image_url": "https://cdn.barbora.lt/products/4bf7aba6-b25a-4e1d-97da-2b07d4dca959_m.png",
    "title": "Spindesio suteikiantis stiklų valiklis, 500 ml",
    "price": "2.99",
    "price_2": null,
    "extra_info": "2 ar daugiau su –40%"
  },
  {
    "image_url": "https://cdn.barbora.lt/products/7f561d94-586e-4f10-be75-5dd2708ddd78_m.png",
    "title": "Bambukiniai tarpdančių šepetėliai HUMBLE BRUSH,D2, 6 vnt., 1 vnt.",
    "price": "4.99",
    "price_2": null,
    "extra_info": "2 ar daugiau su –40%"
  },
  {
    "image_url": "https://cdn.barbora.lt/products/5ef18aa3-99a2-4a73-b5bd-84dc73155425_m.png",
    "title": "Bambukiniai tarpdančių šepetėliai HUMBLE, D3, 6 vnt., 1 vnt.",
    "price": "4.99",
    "price_2": null,
    "extra_info": "2 ar daugiau su –40%"
  },
  {
    "image_url": "https://cdn.barbora.lt/products/3e4f4ec0-523c-4d77-aeb7-a7208a89882c_m.png",
    "title": "Bambukinis dantų šepetėlis HUMBLE BRUSH PROUD, 1 vnt.",
    "price": "4.19",
    "price_2": null,
    "extra_info": "2 ar daugiau su –40%"
  },
  {
    "image_url": "https://cdn.barbora.lt/products/bf8a85c0-f993-45ad-8686-3ed1a72ff614_m.png",
    "title": "Plaukų šampūnas GLISS Split Ends, 250 ml",
    "price": "4.79",
    "price_2": null,
    "extra_info": "2 ar daugiau su –40%"
  },
  {
    "image_url": "https://cdn.barbora.lt/products/6ef568a5-a9fc-4ea8-a27c-710965817f02_m.png",
    "title": "Juodoji Ceilono arbata IMPRA su citrinomis, 100 g",
    "price": "3.29",
    "price_2": null,
    "extra_info": "2 ar daugiau su –25%"
  },
  {
    "image_url": "https://cdn.barbora.lt/products/5bd35d85-85d8-4beb-909c-546a99be585e_m.png",
    "title": "Drėkinamoji veido kaukė NEUTROGENA HYDRO BOOST, 50 ml",
    "price": "16.09",
    "price_2": "321,8€/l",
    "extra_info": "–30%"
  },
  {
    "image_url": "https://cdn.barbora.lt/products/adea3248-7d15-41d7-8910-a0fb94e2fe32_m.png",
    "title": "Plaukų šampūnas SCHAUMA EVERY DAY, 400 ml",
    "price": "4.59",
    "price_2": null,
    "extra_info": "2 ar daugiau su –40%"
  },
  {
    "image_url": "https://cdn.barbora.lt/products/32cc044e-26fb-4294-844d-c3391b32b8db_m.png",
    "title": "Automobilių oro gaiviklis LITTLE JOE MINI NEW CAR, 1 vnt.",
    "price": "3.99",
    "price_2": null,
    "extra_info": "2 ar daugiau su –40%"
  },
  {
    "image_url": "https://cdn.barbora.lt/products/f7c22eda-daf8-4b5f-be5f-e9c3ec9b0050_m.png",
    "title": "Oro gaiviklis LITTLE JOE MINI, vyšnių kvapo, 1 vnt.",
    "price": "3.99",
    "price_2": null,
    "extra_info": "2 ar daugiau su –40%"
  },
  {
    "image_url": "https://cdn.barbora.lt/products/b4c92695-4adb-4ebf-8f82-214dca354905_m.png",
    "title": "Plaukų aliejus PANTENE Argan Infused, 100 ml",
    "price": "11.29",
    "price_2": null,
    "extra_info": "2 ar daugiau su –40%"
  },
  {
    "image_url": "https://cdn.barbora.lt/products/c288b2a4-7133-48a9-bacc-25116f5e3211_m.png",
    "title": "Plaukų aliejus PANTENE Keratin Protect, 100 ml",
    "price": "11.29",
    "price_2": null,
    "extra_info": "2 ar daugiau su –40%"
  },
  {
    "image_url": "https://cdn.barbora.lt/products/cedb64cd-74a6-4f7b-8b8b-629d53d48993_m.png",
    "title": "Atkuriamasis šampūnas SEBAMED HAIR CARE, 200 ml",
    "price": "10.99",
    "price_2": null,
    "extra_info": "2 ar daugiau su –40%"
  },
  {
    "image_url": "https://cdn.barbora.lt/products/f4546215-43f6-4b1f-b57f-8097bac9b9a8_m.png",
    "title": "Vyriškos kojinės SPARTA, 41-46 dydis, juodos spalvos, 2 vnt.",
    "price": "4.49",
    "price_2": "2,25€/vnt.",
    "extra_info": "–50%"
  },
  {
    "image_url": "https://cdn.barbora.lt/products/da14dd3f-aa8e-47a3-923d-a36557ff276d_m.png",
    "title": "Vaikiškos kojinės, SEVEN LEMON, 1 pora, 31-33 dydis, medvilnė",
    "price": "1.49",
    "price_2": null,
    "extra_info": "2 ar daugiau su –40%"
  },
  {
    "image_url": "https://cdn.barbora.lt/products/3a2ae547-176b-4f39-9696-6613a44c32b9_m.png",
    "title": "Vaikiškos sportinės kojinės, PUMA, 3 poros, dydis: 27–30",
    "price": "7.99",
    "price_2": null,
    "extra_info": "2 ar daugiau su –40%"
  },
  {
    "image_url": "https://cdn.barbora.lt/products/b38e4601-6401-47eb-9e8c-9fcfc07a6380_m.png",
    "title": "Plaukų dažai L'OREAL EXCELLENCE UNIVERSAL NUDES, Nr. 5U, 1 vnt.",
    "price": "7.09",
    "price_2": "7,09€/vnt.",
    "extra_info": "–35%"
  },
  {
    "image_url": "https://cdn.barbora.lt/products/7e263cc8-9d87-4e51-9a68-f5daecb90a9b_m.png",
    "title": "Vyriškos trumpikės SPARTA, 2 vnt., XL dydis",
    "price": "9.74",
    "price_2": "4,87€/vnt.",
    "extra_info": "–50%"
  },
  {
    "image_url": "https://cdn.barbora.lt/products/c0af25a4-8352-43df-92bb-30798cea5615_m.png",
    "title": "Dažomasis plaukų kremas PALETTE INTENSIVE COLOR CR,Nr.9.5-21, 1 vnt.",
    "price": "5.49",
    "price_2": null,
    "extra_info": "2 ar daugiau su –40%"
  },
  {
    "image_url": "https://cdn.barbora.lt/products/26e5a04c-bf0c-48c3-bdcf-4bd7d97f2497_m.png",
    "title": "Plaukų dažai SYOSS OLEO INTENSE, Nr. 7-77, 1 vnt.",
    "price": "9.49",
    "price_2": null,
    "extra_info": "2 ar daugiau su –40%"
  },
  {
    "image_url": "https://cdn.barbora.lt/products/f0cc0c77-6e1b-424e-9f17-d7b5b3499741_m.png",
    "title": "Veido serumas NEUTROGENA RETINOL BOOST, 30 ml",
    "price": "16.79",
    "price_2": "559,67€/l",
    "extra_info": "–30%"
  },
  {
    "image_url": "https://cdn.barbora.lt/products/b8243581-0e36-4ed8-8324-42cc61be500d_m.png",
    "title": "Atkuriamoji plaukų priemonė OLAPLEX NR. 3, 100 ml",
    "price": "29.99",
    "price_2": null,
    "extra_info": "2 ar daugiau su –40%"
  },
  {
    "image_url": "https://cdn.barbora.lt/products/d61cbce7-412c-4209-a67a-361e3b93b7d8_m.png",
    "title": "Plaukų formavimo kremas OLAPLEX NR.6,100ml",
    "price": "29.99",
    "price_2": null,
    "extra_info": "2 ar daugiau su –40%"
  },
  {
    "image_url": "https://cdn.barbora.lt/products/fd831b71-d432-484b-84b5-8cb93c249c48_m.png",
    "title": "Oro gaiviklis ROTZ LONG RIDE, 1 vnt.",
    "price": "2.99",
    "price_2": null,
    "extra_info": "2 ar daugiau su –40%"
  },
  {
    "image_url": "https://cdn.barbora.lt/products/4ccccbbf-02eb-44d4-b7a6-6c73cdcb8afd_m.png",
    "title": "Ekologiška biri japoniška žalioji arbata MOYA KUKICHA, 60 g",
    "price": "10.99",
    "price_2": null,
    "extra_info": "2 ar daugiau su –25%"
  },
  {
    "image_url": "https://cdn.barbora.lt/products/bcdda38a-c9c6-41c3-a11f-a4b15d1e1490_m.png",
    "title": "Ekologiška biri japoniška žalioji arbata MOYA HOJICHA, 60 g",
    "price": "10.99",
    "price_2": null,
    "extra_info": "2 ar daugiau su –25%"
  },
  {
    "image_url": "https://cdn.barbora.lt/products/eb7ebbf9-86c9-4e3d-a2ff-4e3db622d735_m.png",
    "title": "Vyriškas pieštukinis dezodorantas REXONA QUANTUM DRY, 50 ml",
    "price": "2.09",
    "price_2": "41,8€/l",
    "extra_info": "–51%"
  },
  {
    "image_url": "https://cdn.barbora.lt/products/1afcdd1c-2975-4b6c-a841-3b2e8cb76d41_m.png",
    "title": "Automobilių oro gaiviklis WILD JUNGLE KING, 1 vnt.",
    "price": "1.29",
    "price_2": null,
    "extra_info": "2 ar daugiau su –40%"
  },
  {
    "image_url": "https://cdn.barbora.lt/products/ef8867fe-be84-49c7-942e-0d2ebcfefdc5_m.png",
    "title": "Pirmosios pagalbos vaistinėlė",
    "price": "36.99",
    "price_2": null,
    "extra_info": "2 ar daugiau su –40%"
  },
  {
    "image_url": "https://cdn.barbora.lt/products/9b3291d0-0a95-474c-8797-08d91ee3f097_m.png",
    "title": "Plaukų kaukė GARNIER FRUCTIS HAIR , 400 ml",
    "price": "10.79",
    "price_2": null,
    "extra_info": "2 ar daugiau su –40%"
  },
  {
    "image_url": "https://cdn.barbora.lt/products/d7894acf-5601-441d-abe2-1c770442d703_m.png",
    "title": "Plaukų kaukė GARNIER FRUCTIS HAIR , 400 ml",
    "price": "10.79",
    "price_2": null,
    "extra_info": "2 ar daugiau su –40%"
  },
  {
    "image_url": "https://cdn.barbora.lt/products/57fe93c4-51d0-4a2e-aef4-2831b0100eff_m.png",
    "title": "NIVEA MEN Fresh Kick pieštukinis antiperspirantas vyrams, 50 ml",
    "price": "2.69",
    "price_2": "53,8€/l",
    "extra_info": "–50%"
  },
  {
    "image_url": "https://cdn.barbora.lt/products/9f31da75-76d4-4760-a6ce-27a5af65112b_m.png",
    "title": "Higieniniai įklotai CAREFREE ORGANIC LONG PLUS, 24 vnt.",
    "price": "3.49",
    "price_2": "0,15€/vnt.",
    "extra_info": "–30%"
  },
  {
    "image_url": "https://cdn.barbora.lt/products/4e9eeeae-73b6-4057-b27b-b3a67cab578d_m.png",
    "title": "Plaukų kaukė GREEN FEEL'S, 200 ml",
    "price": "7.99",
    "price_2": null,
    "extra_info": "2 ar daugiau su –40%"
  },
  {
    "image_url": "https://cdn.barbora.lt/products/9dcd288e-ce5d-4a2c-a5d3-b65006ab1e41_m.png",
    "title": "Automobilių oro gaiviklis AREON SMILE TOY NEW CAR, 1 vnt.",
    "price": "2.99",
    "price_2": null,
    "extra_info": "2 ar daugiau su –40%"
  },
  {
    "image_url": "https://cdn.barbora.lt/products/32fef45f-c0e3-4ce4-a67c-e5a156963f6f_m.png",
    "title": "PALETTE DELUXE plaukų dažai 8-11 šalto atspalvio natūraliai šviesus",
    "price": "7.79",
    "price_2": null,
    "extra_info": "2 ar daugiau su –40%"
  },
  {
    "image_url": "https://cdn.barbora.lt/products/4b24e4bc-10cc-4ce7-921d-839f198e8b1e_m.png",
    "title": "Plaukų modeliavimo molis GOT2B Istyler, 75 ml",
    "price": "10.49",
    "price_2": null,
    "extra_info": "2 ar daugiau su –40%"
  },
  {
    "image_url": "https://cdn.barbora.lt/products/6bc5eb63-08ad-422b-8cd6-5ac037b7723e_m.png",
    "title": "Automobilių oro gaivikliai AMBI PUR WOOD, 2 vnt., 2 vnt.",
    "price": "9.49",
    "price_2": null,
    "extra_info": "2 ar daugiau su –40%"
  },
  {
    "image_url": "https://cdn.barbora.lt/products/f4e5ac0d-6339-4af6-9f29-1fe444309cdb_m.png",
    "title": "Plaukų kaukė OLAPLEX Nr.8, 100ml",
    "price": "29.99",
    "price_2": null,
    "extra_info": "2 ar daugiau su –40%"
  },
  {
    "image_url": "https://cdn.barbora.lt/products/a5591b8e-fd93-4a44-9fae-bcaa1f49549a_m.png",
    "title": "Burnos gaiviklis STAY COOL arbūzų skonio, 20 ml",
    "price": "4.49",
    "price_2": null,
    "extra_info": "2 ar daugiau su –40%"
  },
  {
    "image_url": "https://cdn.barbora.lt/products/a37ecd35-4dea-48f2-8554-c6260289a81e_m.png",
    "title": "Plaukų kaukė PANTENE Infinitely Long Active Nutri-Plex, 300 ml",
    "price": "9.69",
    "price_2": null,
    "extra_info": "2 ar daugiau su –40%"
  },
  {
    "image_url": "https://cdn.barbora.lt/products/7b9c5c72-e0a8-4b22-9450-1c649ce8b5e0_m.png",
    "title": "Moteriškos pėdkelnės IMG RELAX 50 neutro 4 dydis",
    "price": "2.49",
    "price_2": "2,49€/vnt.",
    "extra_info": "–50%"
  },
  {
    "image_url": "https://cdn.barbora.lt/products/3e9788f9-e6b8-4025-836d-779dcbb6cda3_m.png",
    "title": "Moteriškos pėdkelnės IMG RELAX 50 nero 4 dydis",
    "price": "2.49",
    "price_2": "2,49€/vnt.",
    "extra_info": "–50%"
  },
  {
    "image_url": "https://cdn.barbora.lt/products/3e831f76-2f76-4ea4-8d5a-c9a9a2c2683b_m.png",
    "title": "Moteriškos pėdkelnės IMG ONLY 70 bronzo 4 dydis",
    "price": "2.34",
    "price_2": "2,34€/vnt.",
    "extra_info": "–50%"
  },
  {
    "image_url": "https://cdn.barbora.lt/products/11fe5d05-e81d-4228-a30a-8267fb39b2c1_m.png",
    "title": "Moteriškos pėdkelnės IMG FIT UP 40 , 5 dydis, neutro",
    "price": "3.19",
    "price_2": "3,19€/vnt.",
    "extra_info": "–50%"
  },
  {
    "image_url": "https://cdn.barbora.lt/products/fffc38cf-5697-400d-b65a-84aab97e52ff_m.png",
    "title": "Moteriškos pėdkelnės IMG FORMING SLIM 40 , 5 dydis, nero",
    "price": "2.89",
    "price_2": "2,89€/vnt.",
    "extra_info": "–50%"
  },
  {
    "image_url": "https://cdn.barbora.lt/products/d88daebb-acff-4e6f-bb85-d82487a4be7b_m.png",
    "title": "Moteriškos pėdkelnės ORI CONTROL BODY 70 NERO 5 dydis",
    "price": "2.84",
    "price_2": "2,84€/vnt.",
    "extra_info": "–50%"
  },
  {
    "image_url": "https://cdn.barbora.lt/products/95e6e9c2-2d8d-41c5-9406-c685a2fd6785_m.png",
    "title": "Moteriškos pėdkelnės IMMAGINE RELAX 70d NERO 3 dydis",
    "price": "2.64",
    "price_2": "2,64€/vnt.",
    "extra_info": "–50%"
  },
  {
    "image_url": "https://cdn.barbora.lt/products/40ce6c90-ca6c-4375-a449-c8a13b8718a9_m.png",
    "title": "Moteriškos pėdkelnės IMMAGINE RELAX 70d NERO 5 dydis",
    "price": "2.64",
    "price_2": "2,64€/vnt.",
    "extra_info": "–50%"
  },
  {
    "image_url": "https://cdn.barbora.lt/products/6c1125aa-3b13-43bf-8b64-19b7cdc519cb_m.png",
    "title": "Vyriškos sportinės kojinės FRIENDS, 6317,43–46,balt.2 poros",
    "price": "4.19",
    "price_2": "2,1€/vnt.",
    "extra_info": "–40%"
  },
  {
    "image_url": "https://cdn.barbora.lt/products/66c555b9-0ad3-4e63-833a-7abebfe59949_m.png",
    "title": "RASA HAIR REPAIR SYSTEM Atkuriamasis plaukų kondicionierius 200 ml",
    "price": "6.99",
    "price_2": null,
    "extra_info": "2 ar daugiau su –40%"
  },
  {
    "image_url": "https://cdn.barbora.lt/products/5afa3df1-8c76-4e2a-a7df-6e18a994ab16_m.png",
    "title": "RASA HAIR COLOUR SYSTEM Dažytų plaukų kondicionierius 200 ml",
    "price": "6.99",
    "price_2": null,
    "extra_info": "2 ar daugiau su –40%"
  },
  {
    "image_url": "https://cdn.barbora.lt/products/32b450a2-8848-4603-addf-3005bc657dcb_m.png",
    "title": "Plaukų kondicionierius MAUI su kinrožių vandeniu, 385ml",
    "price": "13.99",
    "price_2": null,
    "extra_info": "2 ar daugiau su –40%"
  },
  {
    "image_url": "https://cdn.barbora.lt/products/f59a9c41-8b51-4677-a253-bcf594888aa7_m.png",
    "title": "Plaukų šampūnas MAUI su taukmedžio sviestu, 385ml",
    "price": "13.99",
    "price_2": null,
    "extra_info": "2 ar daugiau su –40%"
  },
  {
    "image_url": "https://cdn.barbora.lt/products/876bf239-2f67-48cf-812d-ff77128b1a3e_m.png",
    "title": "Plaukų kondicionierius MAUI su taukmedžio sviestu, 385ml",
    "price": "13.99",
    "price_2": null,
    "extra_info": "2 ar daugiau su –40%"
  },
  {
    "image_url": "https://cdn.barbora.lt/products/5becd182-5044-4c26-bd5a-8e142bfd31af_m.png",
    "title": "NIVEA MEN SENSITIVE drėkinamasis veido kremas su SPF 15, 75 ml",
    "price": "5.89",
    "price_2": "78,53€/l",
    "extra_info": "–50%"
  },
  {
    "image_url": "https://cdn.barbora.lt/products/05d817e4-e50d-4123-b1b6-1563d9927f7d_m.png",
    "title": "Plaukų kaukė PANTENE Hydra Glow Miracles, 300 ml",
    "price": "15.59",
    "price_2": null,
    "extra_info": "2 ar daugiau su –40%"
  },
  {
    "image_url": "https://cdn.barbora.lt/products/679fb151-b2c9-4658-bbb1-6daee8d172b3_m.png",
    "title": "Plaukų kondicionierius PANTENE Bond Repair, 160 ml",
    "price": "6.99",
    "price_2": null,
    "extra_info": "2 ar daugiau su –40%"
  },
  {
    "image_url": "https://cdn.barbora.lt/products/bbb6277e-5870-49d7-803b-8e7a8cc170f1_m.png",
    "title": "Žalioji arbata BASILUR SENCHA GREEN, 37.5 g",
    "price": "2.69",
    "price_2": null,
    "extra_info": "2 ar daugiau su –25%"
  },
  {
    "image_url": "https://cdn.barbora.lt/products/f62af229-1dd1-4fd1-9271-e5973299e671_m.png",
    "title": "ECODENTA balinamoji dantų pasta su gintaro ekstraktu 100 ml",
    "price": "5.85",
    "price_2": null,
    "extra_info": "2 ar daugiau su –40%"
  },
  {
    "image_url": "https://cdn.barbora.lt/products/8d715842-75b0-4bb0-bd70-6a980675ade2_m.png",
    "title": "Higieniniai paketai ALWAYS Platinum Extra Secure Night, S5, 8 vnt.",
    "price": "3.19",
    "price_2": "0,4€/vnt.",
    "extra_info": "–31%"
  },
  {
    "image_url": "https://cdn.barbora.lt/products/e7415e51-e385-4150-8179-c20a4907fb77_m.png",
    "title": "Oro gaiviklis ROTZ BLACK TONKA",
    "price": "2.99",
    "price_2": null,
    "extra_info": "2 ar daugiau su –40%"
  },
  {
    "image_url": "https://cdn.barbora.lt/products/49169518-4425-49f4-8f26-09472c0aeba8_m.png",
    "title": "Plaukų šampūnas HEAD&SHOULDERS Menthol, 500 ml",
    "price": "9.59",
    "price_2": null,
    "extra_info": "2 ar daugiau su –40%"
  },
  {
    "image_url": "https://cdn.barbora.lt/products/d565148a-1351-4a8d-b523-d32741f7969d_m.png",
    "title": "Veido serumas NIVEA, 30 ml",
    "price": "11.69",
    "price_2": "389,67€/l",
    "extra_info": "–50%"
  },
  {
    "image_url": "https://cdn.barbora.lt/products/8282836b-a9fb-46ba-a257-9b1227c6b10b_m.png",
    "title": "Plaukų kondicionierius GARNIER FRUCTIS OIL REPAIR3BUTTER, 200 ml",
    "price": "4.99",
    "price_2": null,
    "extra_info": "2 ar daugiau su –40%"
  },
  {
    "image_url": "https://cdn.barbora.lt/products/9914792f-ae48-443f-944a-104a52af6bc6_m.png",
    "title": "Kūno balzamas NEUTROGENA, 300 ml",
    "price": "6.15",
    "price_2": "20,5€/l",
    "extra_info": "–30%"
  },
  {
    "image_url": "https://cdn.barbora.lt/products/59e3d638-b2fe-419e-ba3d-dd040b5a5e14_m.png",
    "title": "Kūno balzamas NEUTROGENA DEEP MOISTURE, 400 ml",
    "price": "8.25",
    "price_2": "20,63€/l",
    "extra_info": "–30%"
  },
  {
    "image_url": "https://cdn.barbora.lt/products/0181aec0-a4d3-407c-8797-70df9cdf3b3b_m.png",
    "title": "Plaukų dažai GARNIER OLIA, Nr. 4.15, 1 vnt.",
    "price": "9.49",
    "price_2": null,
    "extra_info": "2 ar daugiau su –40%"
  },
  {
    "image_url": "https://cdn.barbora.lt/products/5906a312-698b-434e-b164-081dae960be7_m.png",
    "title": "Kūno kremas NIVEA, 400 ml",
    "price": "7.49",
    "price_2": "18,73€/l",
    "extra_info": "–50%"
  },
  {
    "image_url": "https://cdn.barbora.lt/products/96bbbfd5-c861-4f8c-b586-ad28663c5f39_m.png",
    "title": "Plaukų kondicionierius AUSSIE SOS Repair&Revive, 200 ml",
    "price": "10.99",
    "price_2": null,
    "extra_info": "2 ar daugiau su –40%"
  },
  {
    "image_url": "https://cdn.barbora.lt/products/eba5e220-2934-4097-87f3-e28d01e7cd9e_m.png",
    "title": "Vyriškas pieštukinis dezodorantas REXONA ADVANCED COBALT DRY, 50 ml",
    "price": "2.49",
    "price_2": "49,8€/l",
    "extra_info": "–50%"
  },
  {
    "image_url": "https://cdn.barbora.lt/products/5a3df759-45f8-4f86-ac00-b9292cddd944_m.png",
    "title": "Moteriškos pėdkelnės ORI CROSS UP BODY 40 , 3 dydis, nero",
    "price": "3.49",
    "price_2": "3,49€/vnt.",
    "extra_info": "–50%"
  },
  {
    "image_url": "https://cdn.barbora.lt/products/a13c1c67-64d9-49da-8854-4cd922f9a5a1_m.png",
    "title": "Moteriškos pėdkelnės ORI SUIT BODY 40 , 3 dydis, nero",
    "price": "3.79",
    "price_2": "3,79€/vnt.",
    "extra_info": "–50%"
  },
  {
    "image_url": "https://cdn.barbora.lt/products/2fd0d1d9-cc75-4e6c-86a7-d576cbf9f6f6_m.png",
    "title": "Moteriškos pėdkelnės ORI ACTION 40 , 3 dydis, nero",
    "price": "3.49",
    "price_2": "3,49€/vnt.",
    "extra_info": "–50%"
  },
  {
    "image_url": "https://cdn.barbora.lt/products/4fb4f2ab-1896-4f28-86c9-28341b906246_m.png",
    "title": "Nivea kremas veidui, kūnui, rankoms, 400 ml",
    "price": "7.49",
    "price_2": "18,73€/l",
    "extra_info": "–50%"
  },
  {
    "image_url": "https://cdn.barbora.lt/products/36a1901e-4bb1-4153-a5ec-9a6a6a358dbc_m.png",
    "title": "Vaikiškos dušo putos O'LYSEE, persikų ir abrikosų kvapo, 250 ml",
    "price": "9.89",
    "price_2": null,
    "extra_info": "2 ar daugiau su –40%"
  },
  {
    "image_url": "https://cdn.barbora.lt/products/b156339a-c16c-4f1e-8250-0f26f6ae3a1f_m.png",
    "title": "KILIG HAIR BOOST kondicionierius su ricinos aliejumi 200 ml",
    "price": "5.15",
    "price_2": null,
    "extra_info": "2 ar daugiau su –40%"
  },
  {
    "image_url": "https://cdn.barbora.lt/products/9a31f38f-3efe-46b8-a0c2-4fbb3951b6a0_m.png",
    "title": "ELSEVE PURPLE kaukė 150ml",
    "price": "9.65",
    "price_2": null,
    "extra_info": "2 ar daugiau su –40%"
  },
  {
    "image_url": "https://cdn.barbora.lt/products/675b09ed-23e8-41d8-aa51-456b17eea100_m.png",
    "title": "Sausainiai OREO, persikų ir arbatos skonio, 97 g",
    "price": "2.49",
    "price_2": null,
    "extra_info": "2 ar daugiau su –25%"
  },
  {
    "image_url": "https://cdn.barbora.lt/products/ddde32e0-e5dd-46fa-b64a-6906224afd01_m.png",
    "title": "Veido prausiklis NEUTROGENA CLEAR&RADIANT, 200 ml",
    "price": "6.29",
    "price_2": "31,45€/l",
    "extra_info": "–30%"
  },
  {
    "image_url": "https://cdn.barbora.lt/products/afdb3c88-85d3-4b00-9d77-1e0f3de5cd93_m.png",
    "title": "Fructis Keratin Sleek šilumos suaktyvinamas serumas plaukams, 50ml",
    "price": "9.99",
    "price_2": null,
    "extra_info": "2 ar daugiau su –40%"
  },
  {
    "image_url": "https://cdn.barbora.lt/products/9cd16ab1-ae17-4f36-8a19-75a3902f409c_m.png",
    "title": "Vyno acto kremas ANDREA MILANO su triufeliais, 150 ml",
    "price": "1.69",
    "price_2": "11,27€/l",
    "extra_info": "–32%"
  },
  {
    "image_url": "https://cdn.barbora.lt/products/cc85e8e2-ed2e-4c8b-94d1-ac79f59b89c5_m.png",
    "title": "Vyno acto kremas ANDREA MILANO su citrinomis, 150 ml",
    "price": "1.69",
    "price_2": "11,27€/l",
    "extra_info": "–32%"
  },
  {
    "image_url": "https://cdn.barbora.lt/products/29b255ca-6bc3-4523-9236-66c31fa30e18_m.png",
    "title": "Vafliniai dubenėliai ledams BEN'S FAVOURITES, 78 g",
    "price": "2.99",
    "price_2": null,
    "extra_info": "2 ar daugiau su –25%"
  },
  {
    "image_url": "https://cdn.barbora.lt/products/74875327-842c-4ae4-904a-6a29501e3c3b_m.png",
    "title": "Kojinės IMMAGINE,39-42, juoda",
    "price": "2.24",
    "price_2": "2,24€/vnt.",
    "extra_info": "–50%"
  },
  {
    "image_url": "https://cdn.barbora.lt/products/a64b37f7-b881-468a-9407-55a0f81abba8_m.png",
    "title": "NIVEA SOFT DRĖKINANTIS KREMAS VEIDUI, KŪNUI IR RANKOMS SU SPF15 100 ml",
    "price": "3.09",
    "price_2": "30,9€/l",
    "extra_info": "–50%"
  },
  {
    "image_url": "https://cdn.barbora.lt/products/4b1672a3-cdc6-4b4e-9b01-8319d8865f2c_m.png",
    "title": "NIVEA LUMINOUS630® SKIN GLOW ŠVYTĖJIMĄ SKATINANTIS SERUMAS 15 ml",
    "price": "7.49",
    "price_2": "499,33€/l",
    "extra_info": "–50%"
  },
  {
    "image_url": "https://cdn.barbora.lt/products/584f1336-69bf-44be-bc35-fd901f912762_m.png",
    "title": "NEUTROGENA Hydro Boost apsauginis skystis SPF 50, 50ml",
    "price": "16.65",
    "price_2": "333€/l",
    "extra_info": "–30%"
  },
  {
    "image_url": "https://cdn.barbora.lt/products/289726bf-1135-41ce-bdfc-1d9fe2eedb04_m.png",
    "title": "NIVEA DERMA SKIN CLEAR KASDIENIS UV FLUIDAS SU SPF50+ 40 ml",
    "price": "7.99",
    "price_2": "199,75€/l",
    "extra_info": "–50%"
  },
  {
    "image_url": "https://cdn.barbora.lt/products/4c7aca3c-42b8-44b4-911b-bcbc3e8f297a_m.png",
    "title": "Patalynės komplektas 140x200/50x70cm,pl.dirželiai",
    "price": "15.99",
    "price_2": null,
    "extra_info": "2 ar daugiau su –40%"
  },
  {
    "image_url": "https://cdn.barbora.lt/products/36e7564b-1286-4805-884b-1d5fc3b7c530_m.png",
    "title": "Sausainiai su lazdynų riešutų kremo įdaru WELL DONE, 175 g",
    "price": "1.79",
    "price_2": null,
    "extra_info": "2 ar daugiau su –25%"
  },
  {
    "image_url": "https://cdn.barbora.lt/products/1fcd858d-e783-479f-8dc0-53394691f79b_m.png",
    "title": "Dantų pasta ORAL-B 3D White Advanced, Luxe Perfection Fresh, 75 ml",
    "price": "7.49",
    "price_2": null,
    "extra_info": "2 ar daugiau su –40%"
  },
  {
    "image_url": "https://cdn.barbora.lt/products/cee1d80c-6efb-4e74-b690-23adec9ea655_m.png",
    "title": "Satininės patalynės komplektas 140x200/50x70cm gėlės",
    "price": "24.99",
    "price_2": null,
    "extra_info": "2 ar daugiau su –40%"
  },
  {
    "image_url": "https://cdn.barbora.lt/products/575017b7-3e43-4361-93ac-42cffd75bdea_m.png",
    "title": "Kilpinis rankšluostis 50x90cm, chaki",
    "price": "7.99",
    "price_2": null,
    "extra_info": "2 ar daugiau su –40%"
  },
  {
    "image_url": "https://cdn.barbora.lt/products/ab12f133-db6d-432b-a613-c241932f4ee7_m.png",
    "title": "Kilpinis rankšluostis 50x90cm, rusva",
    "price": "7.99",
    "price_2": null,
    "extra_info": "2 ar daugiau su –40%"
  },
  {
    "image_url": "https://cdn.barbora.lt/products/8c37122e-6a16-43b8-8d64-3f4ec49185c9_m.png",
    "title": "Paklodė su guma 160x200+30cm,pilka",
    "price": "11.99",
    "price_2": null,
    "extra_info": "2 ar daugiau su –40%"
  },
  {
    "image_url": "https://cdn.barbora.lt/products/92edda16-519c-490c-9346-5431ab04c119_m.png",
    "title": "Dažom. plaukų kremas PALETTE INTENSIVE COLOR CREM, Nr. 4-89, 1 vnt.",
    "price": "5.49",
    "price_2": null,
    "extra_info": "2 ar daugiau su –40%"
  },
  {
    "image_url": "https://cdn.barbora.lt/products/4dbd0ad4-7586-4fbb-ae67-e91aec69e894_m.png",
    "title": "Dažom. plaukų kremas PALETTE INTENSIVE COLOR CREM, Nr. 0-00, 1 vnt.",
    "price": "5.49",
    "price_2": null,
    "extra_info": "2 ar daugiau su –40%"
  },
  {
    "image_url": "https://cdn.barbora.lt/products/e10025bd-0fcd-4d93-aef7-e56d565c169e_m.png",
    "title": "NIVEA tonikas su migdolų aliejumi sausai ir jautriai odai 200ml",
    "price": "2.99",
    "price_2": "14,95€/l",
    "extra_info": "–50%"
  },
  {
    "image_url": "https://cdn.barbora.lt/products/ebd3c4ba-46f6-4a22-9425-36ee3027f32e_m.png",
    "title": "Salono valiklis TURTLE WAX, vanilės kvapo, 500 ml",
    "price": "3.74",
    "price_2": "7,48€/l",
    "extra_info": "–50%"
  },
  {
    "image_url": "https://cdn.barbora.lt/products/67fae160-2745-45fc-b9c7-d12e22950465_m.png",
    "title": "Aušinimo skystis, -35 °C, 1 kg, 1 kg",
    "price": "1.99",
    "price_2": null,
    "extra_info": "2 ar daugiau su –40%"
  },
  {
    "image_url": "https://cdn.barbora.lt/products/be792c51-78f6-4e70-a21e-fe536b0fdc79_m.png",
    "title": "Aušinimo skystis, -35 °C, 5 kg, 5 kg",
    "price": "7.99",
    "price_2": null,
    "extra_info": "2 ar daugiau su –40%"
  },
  {
    "image_url": "https://cdn.barbora.lt/products/7342a4eb-d3b7-48df-973c-fd0f0bd51e37_m.png",
    "title": "Dažom. plaukų kremas PALETTE INTENSIVE COLOR CREM, Nr. 10-2, 1 vnt.",
    "price": "5.49",
    "price_2": null,
    "extra_info": "2 ar daugiau su –40%"
  },
  {
    "image_url": "https://cdn.barbora.lt/products/222e1210-f16e-4334-a1ea-8592eed62747_m.png",
    "title": "Žolelių arbata PUKSIO ARBATĖLĖ (nuo 9 mėn.), 0.05 kg",
    "price": "2.75",
    "price_2": null,
    "extra_info": "2 ar daugiau su –25%"
  },
  {
    "image_url": "https://cdn.barbora.lt/products/2e862bce-2b07-44f2-807f-113319f00d1d_m.png",
    "title": "Moteriškos pėdkelnės IMMAGINE Italiana Confort 40den 2 d., neutro",
    "price": "1.54",
    "price_2": "1,54€/vnt.",
    "extra_info": "–50%"
  },
  {
    "image_url": "https://cdn.barbora.lt/products/eaa2bc05-87cb-4377-b95b-98fa4ad19b49_m.png",
    "title": "Moteriškos pėdkelnės IMMAGINE Italiana Confort40, 3 d.,bronz,TI,5",
    "price": "1.54",
    "price_2": "1,54€/vnt.",
    "extra_info": "–50%"
  },
  {
    "image_url": "https://cdn.barbora.lt/products/3c9ecc54-f10c-4b45-93b1-ab5ba569f1c4_m.png",
    "title": "Drėgnosios automobilių servetėlės ROTZ, 40 vnt., 40 vnt.",
    "price": "3.49",
    "price_2": null,
    "extra_info": "2 už 1 kainą"
  },
  {
    "image_url": "https://cdn.barbora.lt/products/d6933ada-f79b-4023-942d-d85cef8f08ca_m.png",
    "title": "Plaukų dažai L'OREAL CASTING CREME GLOSS, Nr. 200, 1 vnt.",
    "price": "10.59",
    "price_2": null,
    "extra_info": "2 ar daugiau su –40%"
  },
  {
    "image_url": "https://cdn.barbora.lt/products/3c97e472-c0af-4124-8058-cce9effcee37_m.png",
    "title": "Plaukų dažai L'OREAL EXCELLENCE CREME, Nr. 500, 1 vnt.",
    "price": "7.09",
    "price_2": "7,09€/vnt.",
    "extra_info": "–35%"
  },
  {
    "image_url": "https://cdn.barbora.lt/products/64adcca2-a503-49ec-9521-fb2ed53b5a9e_m.png",
    "title": "Plaukų dažai L'OREAL EXCELLENCE CREME, Nr. 7, 1 vnt.",
    "price": "7.09",
    "price_2": "7,09€/vnt.",
    "extra_info": "–35%"
  },
  {
    "image_url": "https://cdn.barbora.lt/products/c28b880a-4c93-46a8-8f9d-0dc7ff52800f_m.png",
    "title": "Plaukų dažai L'OREAL EXCELLENCE CREME, Nr. 10, 1 vnt.",
    "price": "7.09",
    "price_2": "7,09€/vnt.",
    "extra_info": "–35%"
  },
  {
    "image_url": "https://cdn.barbora.lt/products/48f2a3ae-f23d-4684-8ba6-e6c9c65dc97f_m.png",
    "title": "Plaukų dažai L'OREAL EXCELLENCE CREME, Nr. 01, 1 vnt.",
    "price": "7.09",
    "price_2": "7,09€/vnt.",
    "extra_info": "–35%"
  },
  {
    "image_url": "https://cdn.barbora.lt/products/d1a27d0f-cb97-4061-bd8e-8dfc5695cdea_m.png",
    "title": "Plaukų dažai GARNIER COLOR NATURALS, Nr. E0, 1 vnt.",
    "price": "4.99",
    "price_2": null,
    "extra_info": "2 ar daugiau su –40%"
  },
  {
    "image_url": "https://cdn.barbora.lt/products/cb5755e0-0189-4a43-97b5-ae90480c6f6e_m.png",
    "title": "Dyzelinių variklių gelis, 9 ml",
    "price": "21.99",
    "price_2": null,
    "extra_info": "2 ar daugiau su –40%"
  },
  {
    "image_url": "https://cdn.barbora.lt/products/d2e8403c-0a1f-4a30-9748-1fdd44051665_m.png",
    "title": "Vyriškos kojinės FRIENDS, 43-46 dydis, 3 vnt.",
    "price": "6.59",
    "price_2": "2,2€/vnt.",
    "extra_info": "–40%"
  },
  {
    "image_url": "https://cdn.barbora.lt/products/bf89157f-f599-4477-bd52-0547f1b741cc_m.png",
    "title": "Plaukų dažai L'OREAL CASTING CREME GLOSS, Nr. 1021, 1 vnt.",
    "price": "10.49",
    "price_2": null,
    "extra_info": "2 ar daugiau su –40%"
  },
  {
    "image_url": "https://cdn.barbora.lt/products/45f01a51-df58-4719-a560-975f19085b93_m.png",
    "title": "Plaukų dažai L'OREAL CASTING CREME GLOSS, Nr. 1010, 1 vnt.",
    "price": "10.59",
    "price_2": null,
    "extra_info": "2 ar daugiau su –40%"
  },
  {
    "image_url": "https://cdn.barbora.lt/products/42a1ba23-426e-4714-8b08-623af1d399a7_m.png",
    "title": "Dažomasis plaukų kremas SYOSS, Nr. 8-7, 1 vnt.",
    "price": "8.99",
    "price_2": null,
    "extra_info": "2 ar daugiau su –40%"
  },
  {
    "image_url": "https://cdn.barbora.lt/products/158fa1ef-5e70-43fc-bda5-00ccf33946a7_m.png",
    "title": "Plaukų dažai GARNIER COLOR NATURALS, 1 vnt.",
    "price": "4.99",
    "price_2": null,
    "extra_info": "2 ar daugiau su –40%"
  },
  {
    "image_url": "https://cdn.barbora.lt/products/44a3d5d9-6f6a-4f7a-b5e0-0ee37b90a72f_m.png",
    "title": "Plaukų lakas 4 SEASONS SUPER, 400 ml",
    "price": "2.65",
    "price_2": null,
    "extra_info": "2 ar daugiau su –40%"
  },
  {
    "image_url": "https://cdn.barbora.lt/products/83f87887-2cdc-4818-84f6-2c57ec72d1c3_m.png",
    "title": "NIVEA FOR MEN Balzamas po skutimosi SILVER PROTECT, 100 ml",
    "price": "5.99",
    "price_2": "59,9€/l",
    "extra_info": "–50%"
  },
  {
    "image_url": "https://cdn.barbora.lt/products/ac0c815f-07a3-4d38-a3df-12c3a166419e_m.png",
    "title": "Moteriškos pėdkelnės IMMAGINE Italiana Ledi20, 2 d.,nero,TI,3",
    "price": "1.04",
    "price_2": "1,04€/vnt.",
    "extra_info": "–50%"
  },
  {
    "image_url": "https://cdn.barbora.lt/products/1ac41038-d88c-4a51-ae51-7b0ad4b77638_m.png",
    "title": "Moteriškos pėdkelnės IMMAGINE Italiana Ledi20, 3,neut,TI,5",
    "price": "1.04",
    "price_2": "1,04€/vnt.",
    "extra_info": "–50%"
  },
  {
    "image_url": "https://cdn.barbora.lt/products/b5bfbb6c-7027-46c5-b8f4-58f15be6dedd_m.png",
    "title": "Moteriškos pėdkelnės IMMAGINE Italiana Ledi20, 4,neut,TI,4",
    "price": "1.04",
    "price_2": "1,04€/vnt.",
    "extra_info": "–50%"
  },
  {
    "image_url": "https://cdn.barbora.lt/products/746d86a0-5282-4b36-a8cb-38769e38bb43_m.png",
    "title": "Žalioji arbata BASILUR BOUQUET, 30 g",
    "price": "4.49",
    "price_2": null,
    "extra_info": "2 ar daugiau su –25%"
  },
  {
    "image_url": "https://cdn.barbora.lt/products/55d412e8-dcb0-440c-be0b-05244d60f454_m.png",
    "title": "Moteriškos puskojinės IMMAGINE Italiana Lasca20(2p), un,dain,TI,6",
    "price": "1.44",
    "price_2": "0,72€/vnt.",
    "extra_info": "–50%"
  },
  {
    "image_url": "https://cdn.barbora.lt/products/4292f79e-1449-4c91-ab61-0d6aa26c04c9_m.png",
    "title": "Moteriškos puskojinės IMMAGINE Italiana Lasca20(2p), un,nero,TI,6",
    "price": "1.44",
    "price_2": "0,72€/vnt.",
    "extra_info": "–50%"
  },
  {
    "image_url": "https://cdn.barbora.lt/products/995a8455-3c93-40ab-91ba-cfb2d39f56fa_m.png",
    "title": "Moteriškos puskojinės IMMAGINE Italiana Lasca20(2p), universalus,neut,TI,6",
    "price": "1.44",
    "price_2": "0,72€/vnt.",
    "extra_info": "–50%"
  },
  {
    "image_url": "https://cdn.barbora.lt/products/9628ddce-5513-444b-bc14-c5d14e56d574_m.png",
    "title": "Dušo gelis vaikams \"FA KIDS Surfing Mermaid\", 250ml",
    "price": "3.89",
    "price_2": null,
    "extra_info": "2 ar daugiau su –40%"
  },
  {
    "image_url": "https://cdn.barbora.lt/products/b5c76388-3ac3-4a2e-b3ed-bfe8b8248e0d_m.png",
    "title": "Automobilių oro gaiviklis AREON SPORT LUX PLATINUM, 1 vnt.",
    "price": "1.39",
    "price_2": null,
    "extra_info": "2 ar daugiau su –40%"
  },
  {
    "image_url": "https://cdn.barbora.lt/products/19395146-489e-42f7-b3b1-39e9bb8dab58_m.png",
    "title": "Moteriškos puskojinės IMMAGINE Italiana Lasca40, TIplm,neu6",
    "price": "1.59",
    "price_2": "0,8€/vnt.",
    "extra_info": "–50%"
  },
  {
    "image_url": "https://cdn.barbora.lt/products/4049a027-29bb-443f-8270-3bdfa313cfdc_m.png",
    "title": "Moteriškos pėdkelnės IMMAGINE Italiana Ledi20, 2 d.,bronz,TI,3",
    "price": "1.04",
    "price_2": "1,04€/vnt.",
    "extra_info": "–50%"
  },
  {
    "image_url": "https://cdn.barbora.lt/products/08c11b63-7847-464a-8fae-a5665a559360_m.png",
    "title": "Moteriškos pėdkelnės IMMAGINE Italiana Ledi20, 3,bronz,TI,5",
    "price": "1.04",
    "price_2": "1,04€/vnt.",
    "extra_info": "–50%"
  },
  {
    "image_url": "https://cdn.barbora.lt/products/14e9422d-30d7-4fd6-ba8a-88ba92e5a7f5_m.png",
    "title": "Moteriškos puskojinės ORI Star20(2p), universalus,neut,TI,6",
    "price": "1.59",
    "price_2": "0,8€/vnt.",
    "extra_info": "–50%"
  },
  {
    "image_url": "https://cdn.barbora.lt/products/8439c77b-65ba-4d18-b1b5-acc85062a2c1_m.png",
    "title": "NIVEA CELLULAR \"EXPERT FILLER“ AKIŲ IR LŪPŲ KONTŪRO KREMAS, 15 ml",
    "price": "8.99",
    "price_2": "599,33€/l",
    "extra_info": "–50%"
  },
  {
    "image_url": "https://cdn.barbora.lt/products/a912e1f6-e1ec-429b-bf39-7ba260f0ffc6_m.png",
    "title": "Aitriosios paprikos malūnėlyje KOTANYI, 34 g",
    "price": "2.72",
    "price_2": "80€/kg",
    "extra_info": "–30%"
  },
  {
    "image_url": "https://cdn.barbora.lt/products/781c8a63-44c0-49c5-a812-c26bc6a47f54_m.png",
    "title": "Moteriškos pėdkelnės IMG FORMING SLIM 40 , 2 dydis,neutro",
    "price": "2.89",
    "price_2": "2,89€/vnt.",
    "extra_info": "–50%"
  },
  {
    "image_url": "https://cdn.barbora.lt/products/6d6bd116-fa9a-481c-9cc3-908cf42bbd32_m.png",
    "title": "Moteriškos pėdkelnėsIMG FormingSlim70, 4 dydis,nero,TI,6",
    "price": "3.34",
    "price_2": "3,34€/vnt.",
    "extra_info": "–50%"
  },
  {
    "image_url": "https://cdn.barbora.lt/products/838b1b5c-76a8-46f5-8817-f7ab308f4cd8_m.png",
    "title": "Moteriškos pėdkelnėsIMG FormingSlim70, atracite 2 dydis",
    "price": "3.34",
    "price_2": "3,34€/vnt.",
    "extra_info": "–50%"
  },
  {
    "image_url": "https://cdn.barbora.lt/products/124f7cdf-ab76-4b1c-b369-823158eff446_m.png",
    "title": "Plaukų šampūnas-šveitiklis NATURA SIBERICA OBLEPIKHA, 200 ml",
    "price": "9.29",
    "price_2": null,
    "extra_info": "2 ar daugiau su –40%"
  },
  {
    "image_url": "https://cdn.barbora.lt/products/d616a08f-0ee1-4401-b963-1b6df765ddfc_m.png",
    "title": "Plaukų šampūnas JOHN FRIEDA FRIZZ EASE, 250 ml",
    "price": "9.99",
    "price_2": null,
    "extra_info": "2 ar daugiau su –40%"
  },
  {
    "image_url": "https://cdn.barbora.lt/products/004defea-1796-4089-8e19-96ab8d88ff9c_m.png",
    "title": "Plaukų šampūnas HEAD&SHOULDERS  Menthol, 250 ml",
    "price": "6.29",
    "price_2": null,
    "extra_info": "2 ar daugiau su –40%"
  },
  {
    "image_url": "https://cdn.barbora.lt/products/c5efd56f-1975-4abb-8890-034201d7e9cc_m.png",
    "title": "Moteriškos pėdkelnės ORI Control Body40, NEUTRO, 4 dydis",
    "price": "2.84",
    "price_2": "2,84€/vnt.",
    "extra_info": "–50%"
  },
  {
    "image_url": "https://cdn.barbora.lt/products/c97a6f4a-7867-4a9f-a54e-676ea179ba52_m.png",
    "title": "Automobilių oro gaiviklis AREON PERFUME COFFEE, 35 ml",
    "price": "4.29",
    "price_2": null,
    "extra_info": "2 ar daugiau su –40%"
  },
  {
    "image_url": "https://cdn.barbora.lt/products/0a7cfc2c-32d3-4ecd-b6f4-e566ea1f8ae2_m.png",
    "title": "Vabzdžių ir dervų valiklis TURTLE WAX, 500 ml",
    "price": "4.74",
    "price_2": "9,48€/l",
    "extra_info": "–50%"
  },
  {
    "image_url": "https://cdn.barbora.lt/products/aa19d74a-591b-426e-b033-cd2540522cae_m.png",
    "title": "Purškiamasis vaškas TURTLE WAX, 500 ml",
    "price": "3.74",
    "price_2": "7,48€/l",
    "extra_info": "–50%"
  },
  {
    "image_url": "https://cdn.barbora.lt/products/957ef7a8-05f1-4273-8234-9dada4cf2dbf_m.png",
    "title": "Plaukų dažai GARNIER OLIA, Nr. B+++, 1 vnt.",
    "price": "8.99",
    "price_2": null,
    "extra_info": "2 ar daugiau su –40%"
  },
  {
    "image_url": "https://cdn.barbora.lt/products/4ffaaadb-0431-40db-a86d-37ddfc45915a_m.png",
    "title": "Moteriškos pėdkelnės IMMAGINE LOLA 40, 4 dydis, 1 vnt.",
    "price": "1.44",
    "price_2": "1,44€/vnt.",
    "extra_info": "–50%"
  },
  {
    "image_url": "https://cdn.barbora.lt/products/ce9c32d8-66d4-4319-a87b-248d240b0cbc_m.png",
    "title": "Moteriškos pėdkelnės IMMAGINE LOLA 40, 3 dydis, 1 vnt.",
    "price": "1.44",
    "price_2": "1,44€/vnt.",
    "extra_info": "–50%"
  },
  {
    "image_url": "https://cdn.barbora.lt/products/d3755ebd-fb3b-4d27-a1c9-2e7f32554f20_m.png",
    "title": "Moteriškos pėdkelnės ORI ATTIVA BODY70, 3 dydis,ANTRACIT",
    "price": "2.14",
    "price_2": "2,14€/vnt.",
    "extra_info": "–50%"
  },
  {
    "image_url": "https://cdn.barbora.lt/products/7db89b27-654c-43d1-8bc0-693c95406111_m.png",
    "title": "Moteriškos pėdkelnės ORI  Talia40, 2 d.,nero",
    "price": "3.39",
    "price_2": "3,39€/vnt.",
    "extra_info": "–50%"
  },
  {
    "image_url": "https://cdn.barbora.lt/products/eb13e938-f5e6-459a-8070-bbe3622b6d96_m.png",
    "title": "Moteriškos pėdkelnės ORI  Attiva Body40, 4,antracite",
    "price": "1.99",
    "price_2": "1,99€/vnt.",
    "extra_info": "–50%"
  },
  {
    "image_url": "https://cdn.barbora.lt/products/c1659261-da96-4aea-8818-a773045bc280_m.png",
    "title": "Moteriškos pėdkelnės IMMAGINE MAMMA 40 NEUTRO S/M, 1 vnt.",
    "price": "2.84",
    "price_2": "2,84€/vnt.",
    "extra_info": "–50%"
  },
  {
    "image_url": "https://cdn.barbora.lt/products/b0bde914-ee3c-4557-8ac9-63beac8d7749_m.png",
    "title": "Moteriškos kojinės FRIENDS, 39-42 dydis, 3 vnt.",
    "price": "5.99",
    "price_2": "2€/vnt.",
    "extra_info": "–40%"
  },
  {
    "image_url": "https://cdn.barbora.lt/products/67c29991-d234-4c9c-8bc7-a211f128c558_m.png",
    "title": "Higieniniai įklotai ALWAYS Normal, Fresh Scent, 30 vnt.",
    "price": "2.85",
    "price_2": "0,1€/vnt.",
    "extra_info": "–30%"
  },
  {
    "image_url": "https://cdn.barbora.lt/products/2dd93ffe-e2c0-47ac-8172-bd18524c3bda_m.png",
    "title": "Automobilinis laikiklis HAVIT 014",
    "price": "10.99",
    "price_2": null,
    "extra_info": "2 ar daugiau su –40%"
  },
  {
    "image_url": "https://cdn.barbora.lt/products/e40855ea-bb8e-43b7-9373-c5ddb549ee83_m.png",
    "title": "Moteriškos pėdkelnės IMMAGINE Italiana Only20, 4 d.,nero",
    "price": "1.49",
    "price_2": "1,49€/vnt.",
    "extra_info": "–50%"
  },
  {
    "image_url": "https://cdn.barbora.lt/products/0d486d29-6b89-40da-aecb-f93ee29a0f80_m.png",
    "title": "Moteriškos pėdkelnės IMMAGINE Italiana Only20, 2 d.,neutro",
    "price": "1.49",
    "price_2": "1,49€/vnt.",
    "extra_info": "–50%"
  },
  {
    "image_url": "https://cdn.barbora.lt/products/96f6edf1-81c8-4c6d-a0b9-ecd3b8c5b2f0_m.png",
    "title": "Plaukų dažai L'OREAL CASTING 518, 1 vnt.",
    "price": "10.59",
    "price_2": null,
    "extra_info": "2 ar daugiau su –40%"
  },
  {
    "image_url": "https://cdn.barbora.lt/products/8ad88062-dea6-40f6-a806-9a54df788369_m.png",
    "title": "Kondic. sistemos valiklis SONAX, 100m",
    "price": "10.99",
    "price_2": null,
    "extra_info": "2 ar daugiau su –40%"
  },
  {
    "image_url": "https://cdn.barbora.lt/products/380799f6-2f38-45cf-b9a0-b86fd17bdbe0_m.png",
    "title": "Moteriškos kojinės pėdutės SP, 36-41 dydis",
    "price": "1.59",
    "price_2": "1,59€/vnt.",
    "extra_info": "–50%"
  },
  {
    "image_url": "https://cdn.barbora.lt/products/0c001f77-07b3-400e-9c14-28f51bec160a_m.png",
    "title": "NIVEA Q10 ANTI-WRINKLE POWER REVITALIZUOJANTIS AKIŲ SRITIES KREMAS, 15 ml",
    "price": "8.99",
    "price_2": "599,33€/l",
    "extra_info": "–50%"
  },
  {
    "image_url": "https://cdn.barbora.lt/products/da5ef07a-804f-46e2-bc61-fa573c58a016_m.png",
    "title": "NIVEA Q10 ANTI-WRINKLE ENERGY ŠVITĖJIMO SUTEIKIANTIS DIENINIS KREMAS SU SPF15, 50 ml",
    "price": "8.99",
    "price_2": "179,8€/l",
    "extra_info": "–50%"
  },
  {
    "image_url": "https://cdn.barbora.lt/products/e5ef5a2d-d205-4bf4-a0a4-8b48fba37cc0_m.png",
    "title": "Dažomasis plaukų kremas SYOSS COLOR, Nr. 12-59, 1 vnt.",
    "price": "8.99",
    "price_2": null,
    "extra_info": "2 ar daugiau su –40%"
  },
  {
    "image_url": "https://cdn.barbora.lt/products/dfbdccba-6484-48cf-bfce-0ceaf4b39fdc_m.png",
    "title": "Moteriškos pėdkelnės ORI Cristal20, 3,nature",
    "price": "1.84",
    "price_2": "1,84€/vnt.",
    "extra_info": "–50%"
  },
  {
    "image_url": "https://cdn.barbora.lt/products/c872ba34-0218-4a3e-92fb-89d908e8300e_m.png",
    "title": "Moteriškos pėdkelnės  ORI Cristal20, 3,neutro",
    "price": "1.84",
    "price_2": "1,84€/vnt.",
    "extra_info": "–50%"
  },
  {
    "image_url": "https://cdn.barbora.lt/products/d27653a6-b1c5-427b-8f8c-b80ed7da6174_m.png",
    "title": "Moteriškos pėdutės ORI SNEAKER COT (2 poros), 1 vnt., 39-42,nature",
    "price": "2.74",
    "price_2": "1,37€/vnt.",
    "extra_info": "–50%"
  },
  {
    "image_url": "https://cdn.barbora.lt/products/ef2e3071-ba8d-406a-baac-365ba90578db_m.png",
    "title": "Moteriškos kojinaitės immagine Italiana Steps Cot, 35-38,nero",
    "price": "2.44",
    "price_2": "1,22€/vnt.",
    "extra_info": "–50%"
  },
  {
    "image_url": "https://cdn.barbora.lt/products/c70979bd-3908-4fe8-8122-00ae1af9732e_m.png",
    "title": "Moteriškos pėdutės IMMAGINE (2 poros), 2 vnt., 39-42,nero",
    "price": "2.44",
    "price_2": "1,22€/vnt.",
    "extra_info": "–50%"
  },
  {
    "image_url": "https://cdn.barbora.lt/products/c1bd50a3-a9d6-4fee-ac41-45bab5514331_m.png",
    "title": "Moteriškos pėdutės IMMAGINE (2 poros), 2 vnt., 39-42,nature",
    "price": "2.44",
    "price_2": "1,22€/vnt.",
    "extra_info": "–50%"
  },
  {
    "image_url": "https://cdn.barbora.lt/products/fc8faeaa-1f5f-4670-bceb-af8853cf7b93_m.png",
    "title": "Automobilių oro gaiviklis AREON VYTIS, 1 vnt.",
    "price": "1.49",
    "price_2": null,
    "extra_info": "2 ar daugiau su –40%"
  },
  {
    "image_url": "https://cdn.barbora.lt/products/080b7a79-509c-421e-a358-90d56dc7b4ea_m.png",
    "title": "Moteriškos pėdkelnės ORI POWER SLIM 40, NERO, 4 d., 1 vnt.",
    "price": "3.74",
    "price_2": "3,74€/vnt.",
    "extra_info": "–50%"
  },
  {
    "image_url": "https://cdn.barbora.lt/products/ed216885-b18d-4804-804a-56c38abdb2df_m.png",
    "title": "Dažytų plaukų kaukė NIDA su gintaro ektraktais, 200 ml",
    "price": "3.29",
    "price_2": null,
    "extra_info": "2 ar daugiau su –40%"
  },
  {
    "image_url": "https://cdn.barbora.lt/products/fbbdba5c-4c69-40fd-af01-85c8836cb871_m.png",
    "title": "Moteriškos puskojinės IMMAGINE Italiana Olivia20(2p.), universalus,nero",
    "price": "1.44",
    "price_2": "0,72€/vnt.",
    "extra_info": "–50%"
  },
  {
    "image_url": "https://cdn.barbora.lt/products/441331f8-f647-4e13-b2c7-45f3208adf17_m.png",
    "title": "Vaikiškos kojinės SUNNY SIDE, 37-40, 3 poros, 3 vnt.",
    "price": "4.01",
    "price_2": "1,34€/vnt.",
    "extra_info": "–40%"
  },
  {
    "image_url": "https://cdn.barbora.lt/products/b9c2657d-06f9-4001-aa3a-0c22bebf8aa8_m.png",
    "title": "Plaukų kremas GARNIER, 400 ml",
    "price": "8.29",
    "price_2": null,
    "extra_info": "2 ar daugiau su –40%"
  },
  {
    "image_url": "https://cdn.barbora.lt/products/359cc1eb-b61b-4248-bf7a-2766ba912620_m.png",
    "title": "Flaneliniai vystyklai KORLĖJA, 3 vnt., 3 vnt.",
    "price": "10.79",
    "price_2": null,
    "extra_info": "2 ar daugiau su –40%"
  },
  {
    "image_url": "https://cdn.barbora.lt/products/054a0943-3ece-4221-9e01-03a738310857_m.png",
    "title": "Trig.poveikio mic.vanduo NEUTROGENA HYDRO BOOST, 400 ml",
    "price": "7.69",
    "price_2": "19,23€/l",
    "extra_info": "–30%"
  },
  {
    "image_url": "https://cdn.barbora.lt/products/93a18592-9b03-4609-8581-f9042ee23082_m.png",
    "title": "Žibintų atnaujinimo priemonė TURTLE WAX, 300 ml",
    "price": "4.24",
    "price_2": "14,13€/l",
    "extra_info": "–50%"
  },
  {
    "image_url": "https://cdn.barbora.lt/products/e2ca4a10-3d42-4ef6-ae49-623a2baea1af_m.png",
    "title": "Plaukų aliejus GREEN FEEL'S, 100 ml",
    "price": "6.99",
    "price_2": null,
    "extra_info": "2 ar daugiau su –40%"
  },
  {
    "image_url": "https://cdn.barbora.lt/products/1de772e1-76b0-4c08-a48c-c17c0070d712_m.png",
    "title": "Moteriškos pėdkelnės IMMAGINE FIT UP 40, 4 dydis, 1 vnt.",
    "price": "3.19",
    "price_2": "3,19€/vnt.",
    "extra_info": "–50%"
  },
  {
    "image_url": "https://cdn.barbora.lt/products/e277611d-d436-40f8-951c-c7915093e7cb_m.png",
    "title": "Moteriškos pėdkelnės IMMAGINE FIT UP 40, 3 dydis, 1 vnt.",
    "price": "3.19",
    "price_2": "3,19€/vnt.",
    "extra_info": "–50%"
  },
  {
    "image_url": "https://cdn.barbora.lt/products/745f921f-1b30-4174-ab75-df5b88f6f262_m.png",
    "title": "Dantų pasta GREEN FEEL'S, 100 ml",
    "price": "4.99",
    "price_2": null,
    "extra_info": "2 ar daugiau su –40%"
  },
  {
    "image_url": "https://cdn.barbora.lt/products/52f9a987-06ce-4a78-b279-72a6c2d58a5f_m.png",
    "title": "Plaukų dažai GLISS COLOR 5-65",
    "price": "8.99",
    "price_2": null,
    "extra_info": "2 ar daugiau su –40%"
  },
  {
    "image_url": "https://cdn.barbora.lt/products/a138bdaa-b11e-403e-88e9-720284e8f7ed_m.png",
    "title": "PALETTE DELUXE pl.dažai 5-88(679) Intens.rausv.violet",
    "price": "7.79",
    "price_2": null,
    "extra_info": "2 ar daugiau su –40%"
  },
  {
    "image_url": "https://cdn.barbora.lt/products/ba7f1513-ec36-4496-b986-1eb80156af72_m.png",
    "title": "Intensyvusis tekstilės valiklis, 500 ml",
    "price": "3.49",
    "price_2": null,
    "extra_info": "2 ar daugiau su –40%"
  },
  {
    "image_url": "https://cdn.barbora.lt/products/82e506c0-ad6e-4c34-a2f8-c4b44a3761d2_m.png",
    "title": "Automobilių oro gaivikliai AMBI PUR OLD SPICE, 2 vnt., 4 ml",
    "price": "9.49",
    "price_2": null,
    "extra_info": "2 ar daugiau su –40%"
  },
  {
    "image_url": "https://cdn.barbora.lt/products/f00c07b4-b126-4b60-8c75-1b5bf93de6a7_m.png",
    "title": "Automobilių oro gaiviklis AMBI PUR GOLD ORCHID, 2 ml, 1 vnt.",
    "price": "5.99",
    "price_2": null,
    "extra_info": "2 ar daugiau su –40%"
  },
  {
    "image_url": "https://cdn.barbora.lt/products/a66fcefa-ec10-406f-8f49-d4a4d5a401a6_m.png",
    "title": "Oro gaiviklis AREON MON COFFEE, 1 vnt.",
    "price": "1.19",
    "price_2": null,
    "extra_info": "2 ar daugiau su –40%"
  },
  {
    "image_url": "https://cdn.barbora.lt/products/4ef778cc-9e39-47b4-be0a-7573ed12205a_m.png",
    "title": "Kanapių lapų arbata, 20 g",
    "price": "3.49",
    "price_2": null,
    "extra_info": "2 ar daugiau su –25%"
  },
  {
    "image_url": "https://cdn.barbora.lt/products/dad3cc88-dc51-44b2-bec5-3234ea5ea639_m.png",
    "title": "Vaikiškos kojinės FRIENDS, 3 poros, 34-36, 3 vnt.",
    "price": "4.97",
    "price_2": "1,66€/vnt.",
    "extra_info": "–40%"
  },
  {
    "image_url": "https://cdn.barbora.lt/products/5c30843c-f393-47d0-b8be-c449a0660a08_m.png",
    "title": "Moteriškos pėdkelnės IMMAGINE CHARME NERO 2,50 dydis",
    "price": "2.14",
    "price_2": "2,14€/vnt.",
    "extra_info": "–50%"
  },
  {
    "image_url": "https://cdn.barbora.lt/products/d57e96bc-bc01-4256-9f34-2a4c2ed42bc1_m.png",
    "title": "Moteriškos pėdkelnės IMMAGINE CHARME NERO 4,50 dydis",
    "price": "2.14",
    "price_2": "2,14€/vnt.",
    "extra_info": "–50%"
  },
  {
    "image_url": "https://cdn.barbora.lt/products/6b2ea595-c72e-4c07-b809-12409b99d892_m.png",
    "title": "Žalioji arbata POSTI PREMIUM DETOX, 30 g",
    "price": "1.59",
    "price_2": null,
    "extra_info": "2 ar daugiau su –25%"
  },
  {
    "image_url": "https://cdn.barbora.lt/products/b51eaa42-459f-45bf-97eb-c0463db9381c_m.png",
    "title": "Moteriškos pėdkelnėsORI SENSUAL 70d, NERO 4 dydis",
    "price": "2.49",
    "price_2": "2,49€/vnt.",
    "extra_info": "–50%"
  },
  {
    "image_url": "https://cdn.barbora.lt/products/4ac27e57-8c5a-45cb-ab48-5bc6f58661c0_m.png",
    "title": "Vyriškas purškiamas dezodorantas REXONA INVISIBL.FR.POW, 150ml",
    "price": "2.09",
    "price_2": "13,93€/l",
    "extra_info": "–51%"
  },
  {
    "image_url": "https://cdn.barbora.lt/products/cdc7408d-14f7-4f15-ba5a-b7302d4cbf23_m.png",
    "title": "Valgomieji KARALIŠKI šokoladiniai ledai su pyrago gabaliuk., 435 g",
    "price": "4.14",
    "price_2": "9,52€/kg",
    "extra_info": "–50%"
  },
  {
    "image_url": "https://cdn.barbora.lt/products/23fb4180-fe0a-436b-b59e-8c26cedda378_m.png",
    "title": "Automobilių oro gaiviklis AREON X VERSION VANILLA, 1 vnt.",
    "price": "1.19",
    "price_2": null,
    "extra_info": "2 ar daugiau su –40%"
  },
  {
    "image_url": "https://cdn.barbora.lt/products/cff74dd0-faea-401d-9959-003e82b9f4d8_m.png",
    "title": "Automobilių oro gaiviklis AREON X VERSION NEW CAR, 1 vnt.",
    "price": "1.19",
    "price_2": null,
    "extra_info": "2 ar daugiau su –40%"
  },
  {
    "image_url": "https://cdn.barbora.lt/products/3ab2e7c5-eded-4715-b10d-ac0996688d9d_m.png",
    "title": "Plaukų šampūnas HEAD&SHOULDERS Deep Cleansing, 300 ml",
    "price": "9.29",
    "price_2": null,
    "extra_info": "2 ar daugiau su –40%"
  },
  {
    "image_url": "https://cdn.barbora.lt/products/d61afda5-6a21-48d2-a40f-c5940e90f915_m.png",
    "title": "Dantų šepetėliai COLGATE 360° FRESH'N PROTECT, 2 vnt., 2 vnt.",
    "price": "4.69",
    "price_2": null,
    "extra_info": "2 ar daugiau su –40%"
  },
  {
    "image_url": "https://cdn.barbora.lt/products/7f9e6645-c7e8-4cb2-80b6-8f3ede7c7d32_m.png",
    "title": "Vaikiškos kojinės, SEVEN LEMON, 1 pora, dydis: 34-36, medvilnė",
    "price": "1.49",
    "price_2": null,
    "extra_info": "2 ar daugiau su –40%"
  },
  {
    "image_url": "https://cdn.barbora.lt/products/f6125a70-5adc-4d01-b69a-1a8fce874547_m.png",
    "title": "Vaikiškos kojinės, SEVEN LEMON, 1 pora, dydis: 28-30, medvilnė",
    "price": "1.49",
    "price_2": null,
    "extra_info": "2 ar daugiau su –40%"
  },
  {
    "image_url": "https://cdn.barbora.lt/products/63957497-ddb0-42a5-a485-753cf656917b_m.png",
    "title": "Vaikiškos kojinės, SEVEN LEMON, 1 pora, 28-30 dydis, medvilnė",
    "price": "1.49",
    "price_2": null,
    "extra_info": "2 ar daugiau su –40%"
  },
  {
    "image_url": "https://cdn.barbora.lt/products/4e762030-6e35-4cef-8116-1020f26b47a7_m.png",
    "title": "Vaikiškos sportinės kojinės, PUMA, 3 poros, dydis: 35-38",
    "price": "7.99",
    "price_2": null,
    "extra_info": "2 ar daugiau su –40%"
  },
  {
    "image_url": "https://cdn.barbora.lt/products/7e815b9a-e5a2-42d4-a9fa-97934c7324c0_m.png",
    "title": "Vyriškos trumpikės SPARTA, 2 vnt., L dydis",
    "price": "9.74",
    "price_2": "4,87€/vnt.",
    "extra_info": "–50%"
  },
  {
    "image_url": "https://cdn.barbora.lt/products/69f052b1-a3ea-4450-bb6c-bd25a3d60bb9_m.png",
    "title": "Vyriškos trumpikės  SPARTA, M",
    "price": "9.74",
    "price_2": "4,87€/vnt.",
    "extra_info": "–50%"
  },
  {
    "image_url": "https://cdn.barbora.lt/products/90465483-1eb9-4493-8900-8c951dada95c_m.png",
    "title": "Plaukų kondicionierius SCHAUMA 7HERBS FRESHNESS, 250 ml",
    "price": "3.69",
    "price_2": null,
    "extra_info": "2 ar daugiau su –40%"
  },
  {
    "image_url": "https://cdn.barbora.lt/products/ff115888-8bbb-4afe-af65-8814db9498ad_m.png",
    "title": "Vyriškos kojinės FRIENDS, 43-46 dydis, 3 vnt.",
    "price": "4.79",
    "price_2": "1,6€/vnt.",
    "extra_info": "–40%"
  },
  {
    "image_url": "https://cdn.barbora.lt/products/5be71f1b-aa7d-4dfd-8c24-d1e5797ce2a2_m.png",
    "title": "Plauk.daž.SYOSS COLOR GLOW COOL BRUNETTE",
    "price": "8.99",
    "price_2": null,
    "extra_info": "2 ar daugiau su –40%"
  },
  {
    "image_url": "https://cdn.barbora.lt/products/ff32b011-6d15-4798-9d30-166f7e3fa63b_m.png",
    "title": "Kūno balzamas NEUTROGENA DEEP MOIST sausai odai, 300 ml",
    "price": "6.15",
    "price_2": "20,5€/l",
    "extra_info": "–30%"
  },
  {
    "image_url": "https://cdn.barbora.lt/products/73e1b6b2-59c3-4f09-a13f-0e3f6d9f504a_m.png",
    "title": "Dantų šepetėliai HUMBLE BRUSH PROUD, 2 vnt., 2 vnt.",
    "price": "4.99",
    "price_2": null,
    "extra_info": "2 ar daugiau su –40%"
  },
  {
    "image_url": "https://cdn.barbora.lt/products/4e4ea7a4-509d-46f9-b7b2-9ed364867967_m.png",
    "title": "Žalioji arbata BATIK, 50 g",
    "price": "1.19",
    "price_2": null,
    "extra_info": "2 ar daugiau su –25%"
  },
  {
    "image_url": "https://cdn.barbora.lt/products/c1468cf8-797c-4813-a112-1742a2e24693_m.png",
    "title": "NIVEA LUMINOUS 630® ANTISPOT dieninis fuildas, 40 ml",
    "price": "10.49",
    "price_2": "262,25€/l",
    "extra_info": "–50%"
  },
  {
    "image_url": "https://cdn.barbora.lt/products/dac41ba7-9292-4a8c-a27b-86b62b7a9ed7_m.png",
    "title": "NIVEA LUMINOUS 630® ANTISPOT serumas, 30 ml",
    "price": "11.49",
    "price_2": "383€/l",
    "extra_info": "–50%"
  },
  {
    "image_url": "https://cdn.barbora.lt/products/f6b8f334-5e44-48f5-b0ef-d973f82dea05_m.png",
    "title": "Oro gaiviklis ROTZ STARGAZING, 1 vnt.",
    "price": "2.99",
    "price_2": null,
    "extra_info": "2 ar daugiau su –40%"
  },
  {
    "image_url": "https://cdn.barbora.lt/products/1095eacd-311f-4614-97bf-d73ecfd14e73_m.png",
    "title": "Ekologiškos mačios rinkinys MOYA DAILY su šluotele, 240 g",
    "price": "31.59",
    "price_2": null,
    "extra_info": "2 ar daugiau su –25%"
  },
  {
    "image_url": "https://cdn.barbora.lt/products/7ad0ca88-9abe-4916-8221-6d29709c3185_m.png",
    "title": "Plaukų kaukė GARNIER FRUCTIS HAIR FOOD, 400 ml",
    "price": "10.79",
    "price_2": null,
    "extra_info": "2 ar daugiau su –40%"
  },
  {
    "image_url": "https://cdn.barbora.lt/products/a0ea1d80-fdbe-4822-8980-7ca6064ce9d4_m.png",
    "title": "NIVEA® DERMA SKIN CLEAR naktinis šveitiklis į bėrimus linkusiai odai, 40 ml",
    "price": "5.39",
    "price_2": "134,75€/l",
    "extra_info": "–50%"
  },
  {
    "image_url": "https://cdn.barbora.lt/products/4a85f587-4d80-4d81-8a71-05030199a8f1_m.png",
    "title": "Naktinis veido serumas NEUTROGENA RETINOL BOOST INTENSIVE, 30 ml",
    "price": "17.49",
    "price_2": "583€/l",
    "extra_info": "–30%"
  },
  {
    "image_url": "https://cdn.barbora.lt/products/32df9ed2-1eb1-414e-bf63-f83aa97be33e_m.png",
    "title": "Dantų pasta LACALUT BLACK & WHITE, 75 ml",
    "price": "3.59",
    "price_2": "47,86€/l",
    "extra_info": "–36%"
  },
  {
    "image_url": "https://cdn.barbora.lt/products/1a12d2b5-ccc7-4592-ba16-1e1098944913_m.png",
    "title": "Pjaustytas vytintas kumpis SERRANO ESPANA, a. r., 80 g",
    "price": "2.79",
    "price_2": null,
    "extra_info": "2 ar daugiau su –20%"
  },
  {
    "image_url": "https://cdn.barbora.lt/products/1c0b6d7c-9835-4362-8bb5-c715f071276b_m.png",
    "title": "Higieniniai įklotai ALWAYS Normal, Fresh Scent, 76 vnt.",
    "price": "4.99",
    "price_2": "0,06€/vnt.",
    "extra_info": "–31%"
  },
  {
    "image_url": "https://cdn.barbora.lt/products/5ba1d654-8faf-4eed-a1c7-16faff3a9b43_m.png",
    "title": "Plaukų serumas OLAPLEX Nr.9, 90ml",
    "price": "29.99",
    "price_2": null,
    "extra_info": "2 ar daugiau su –40%"
  },
  {
    "image_url": "https://cdn.barbora.lt/products/9721626d-a33a-475f-973b-37bab7df2a93_m.png",
    "title": "Išmanusis automobilinis įkroviklis HAVIT PD20W/QC18W, 1 vnt.",
    "price": "10.99",
    "price_2": null,
    "extra_info": "2 ar daugiau su –40%"
  },
  {
    "image_url": "https://cdn.barbora.lt/products/da016bad-bb6c-4463-ab5f-df49bbfdbf5b_m.png",
    "title": "Tekstilės valiklis ROTZ, 500ml",
    "price": "2.99",
    "price_2": null,
    "extra_info": "2 ar daugiau su –40%"
  },
  {
    "image_url": "https://cdn.barbora.lt/products/550cc5e3-b5c2-4ca6-99f8-f4abed53cdb3_m.png",
    "title": "Plaukų šampūnas PANTENE Infinitely Long Active Nutri-Plex, 400 ml",
    "price": "6.99",
    "price_2": null,
    "extra_info": "2 ar daugiau su –40%"
  },
  {
    "image_url": "https://cdn.barbora.lt/products/a19338fc-834b-4d98-9744-92e9cf865090_m.png",
    "title": "Moteriškos pėdkelnės IMG RELAX 50 neutro 5 dydis",
    "price": "2.49",
    "price_2": "2,49€/vnt.",
    "extra_info": "–50%"
  },
  {
    "image_url": "https://cdn.barbora.lt/products/287e68fc-3a72-4912-9594-be82170cf342_m.png",
    "title": "Moteriškos pėdkelnės IMG RELAX 50 antracitas 5 dydis",
    "price": "2.49",
    "price_2": "2,49€/vnt.",
    "extra_info": "–50%"
  },
  {
    "image_url": "https://cdn.barbora.lt/products/3013f539-1c26-4866-8e68-f2a3c0f1e50c_m.png",
    "title": "Moteriškos pėdkelnės IMG ONLY 70 bronzo 5 dydis",
    "price": "2.34",
    "price_2": "2,34€/vnt.",
    "extra_info": "–50%"
  },
  {
    "image_url": "https://cdn.barbora.lt/products/3dfa559a-26cf-4c9d-a431-340b6e45fc5b_m.png",
    "title": "Moteriškos pėdkelnės IMG ONLY 70 nero 2 dydis",
    "price": "2.34",
    "price_2": "2,34€/vnt.",
    "extra_info": "–50%"
  },
  {
    "image_url": "https://cdn.barbora.lt/products/a80bbda8-e2f1-44b8-aa74-abb3200b0642_m.png",
    "title": "Moteriškos pėdkelnės IMG ONLY 70 nero 4 dydis",
    "price": "2.34",
    "price_2": "2,34€/vnt.",
    "extra_info": "–50%"
  },
  {
    "image_url": "https://cdn.barbora.lt/products/4ae09596-a83e-4684-8ec1-209af9e648c5_m.png",
    "title": "Moteriškos pėdkelnės IMG ONLY 70 nero 5 dydis",
    "price": "2.34",
    "price_2": "2,34€/vnt.",
    "extra_info": "–50%"
  },
  {
    "image_url": "https://cdn.barbora.lt/products/a702fd94-8175-4c2e-beb6-99d228005d30_m.png",
    "title": "Moteriškos pėdkelnės IMG REALX 50 antracitas 3 dydis",
    "price": "2.49",
    "price_2": "2,49€/vnt.",
    "extra_info": "–50%"
  },
  {
    "image_url": "https://cdn.barbora.lt/products/d8dab772-1656-4dcd-b5a4-71dc32e5a01b_m.png",
    "title": "Moteriškos pėdkelnės IMG RELAX 50 NERO 3 dydis",
    "price": "2.49",
    "price_2": "2,49€/vnt.",
    "extra_info": "–50%"
  },
  {
    "image_url": "https://cdn.barbora.lt/products/d1ba9c8c-a474-4e96-b0a4-353d6d6b8db0_m.png",
    "title": "Moteriškos pėdkelnės ORI  TALIA 40 antracitas 5",
    "price": "3.39",
    "price_2": "3,39€/vnt.",
    "extra_info": "–50%"
  },
  {
    "image_url": "https://cdn.barbora.lt/products/550995aa-0e85-4fe4-a382-5d6693444dde_m.png",
    "title": "Moteriškos pėdkelnės ORI TALIA NEUTRO, dydis 5, 40 den, 1 vnt.",
    "price": "3.39",
    "price_2": "3,39€/vnt.",
    "extra_info": "–50%"
  },
  {
    "image_url": "https://cdn.barbora.lt/products/ce943797-7e8d-4d92-90d4-822b00b67c15_m.png",
    "title": "Moteriškos pėdkelnės ORI CONTROL BODY NEUTRO, dydis 5, 40den, 1 vnt.",
    "price": "2.84",
    "price_2": "2,84€/vnt.",
    "extra_info": "–50%"
  },
  {
    "image_url": "https://cdn.barbora.lt/products/cc134509-a6ce-42bd-b0ea-b599ff954ee5_m.png",
    "title": "Moteriškos pėdkelnės ORI CONTROL BODY 70 ANTRAC. 5 dydis",
    "price": "2.84",
    "price_2": "2,84€/vnt.",
    "extra_info": "–50%"
  },
  {
    "image_url": "https://cdn.barbora.lt/products/075bb692-9c7a-4e54-a99c-bfdd349a18a8_m.png",
    "title": "Moteriškos pėdkelnės IMG FORMING SLIM 40, 5 dydis, antrac",
    "price": "2.89",
    "price_2": "2,89€/vnt.",
    "extra_info": "–50%"
  },
  {
    "image_url": "https://cdn.barbora.lt/products/8e4a78b4-a5eb-4372-8f4a-9aac7f459d0c_m.png",
    "title": "Dantų pasta PEARL DROPS INSTANT BOOST, 50 ml",
    "price": "4.99",
    "price_2": null,
    "extra_info": "2 ar daugiau su –40%"
  },
  {
    "image_url": "https://cdn.barbora.lt/products/335df73f-dcdd-4346-aa3b-aec965fe8a2c_m.png",
    "title": "Purškiamasis plaukų serumas GARNIER FRUCTIS, 200 ml",
    "price": "9.99",
    "price_2": null,
    "extra_info": "2 ar daugiau su –40%"
  },
  {
    "image_url": "https://cdn.barbora.lt/products/7a5d5124-26e6-4f5c-80be-c853a585620d_m.png",
    "title": "Moteriškos pėdkelnės MICRO CHANCE 3D 200 NERO 3 dydis",
    "price": "3.94",
    "price_2": "3,94€/vnt.",
    "extra_info": "–50%"
  },
  {
    "image_url": "https://cdn.barbora.lt/products/870df82d-465d-42fa-84b5-3a241cbea340_m.png",
    "title": "Moteriškos pėdkelnės IMMAGINE RELAX 70d ANTRACITE 2 dydis",
    "price": "2.64",
    "price_2": "2,64€/vnt.",
    "extra_info": "–50%"
  },
  {
    "image_url": "https://cdn.barbora.lt/products/c41c6030-f210-4632-a796-0ecde09eea73_m.png",
    "title": "Moteriškos pėdkelnės IMMAGINE RELAX 70d NERO 4 dydis",
    "price": "2.64",
    "price_2": "2,64€/vnt.",
    "extra_info": "–50%"
  },
  {
    "image_url": "https://cdn.barbora.lt/products/0895951c-571b-474c-84ac-533ad1d60750_m.png",
    "title": "Elektrinis dantų šepetėlis ORAL-B Vitality Pro Kids 3+ metų Spiderman",
    "price": "45.99",
    "price_2": null,
    "extra_info": "2 ar daugiau su –40%"
  },
  {
    "image_url": "https://cdn.barbora.lt/products/d0330653-9835-40fd-8c97-47c17d8b6550_m.png",
    "title": "Blizgios panelės servetėlės TURTLE WAX, 1 vnt.",
    "price": "2.49",
    "price_2": "2,49€/vnt.",
    "extra_info": "–50%"
  },
  {
    "image_url": "https://cdn.barbora.lt/products/16a42c61-df69-4092-b9bb-e31c3819ca00_m.png",
    "title": "NIVEA MEN POWER serumas, 30 ml",
    "price": "9.99",
    "price_2": "333€/l",
    "extra_info": "–50%"
  },
  {
    "image_url": "https://cdn.barbora.lt/products/4709f594-9ae1-4aa7-bace-059a0f1fe28a_m.png",
    "title": "RASA HAIR COLOUR SYSTEM Dažytų plaukų šampūnas 500 ml",
    "price": "8.99",
    "price_2": null,
    "extra_info": "2 ar daugiau su –40%"
  },
  {
    "image_url": "https://cdn.barbora.lt/products/b2180a1f-21d0-4055-adf9-8fe01b52b76d_m.png",
    "title": "NIVEA CELLULAR EXPERT LIFT 3-jų zonų odą stangrinantis serumas veidui, kaklui ir dekoltė, 30 ml",
    "price": "10.99",
    "price_2": "366,33€/l",
    "extra_info": "–50%"
  },
  {
    "image_url": "https://cdn.barbora.lt/products/2cb7762a-2db9-440b-99a4-7f96f2959bc3_m.png",
    "title": "Plaukų kaukė GLISS 4IN1 MOISTURE, 400 ml",
    "price": "9.49",
    "price_2": null,
    "extra_info": "2 ar daugiau su –40%"
  },
  {
    "image_url": "https://cdn.barbora.lt/products/de55174b-d40b-493a-89d3-954aa46ad53e_m.png",
    "title": "AREON SPECIAL VANILLE NOIR AUTO GAIVIKLIS",
    "price": "1.49",
    "price_2": null,
    "extra_info": "2 ar daugiau su –40%"
  },
  {
    "image_url": "https://cdn.barbora.lt/products/d0657899-7baa-4d09-ad79-386cdb40ee2a_m.png",
    "title": "Auto oro gaiviklis ROTZ vanilla",
    "price": "1.19",
    "price_2": null,
    "extra_info": "2 ar daugiau su –40%"
  },
  {
    "image_url": "https://cdn.barbora.lt/products/b42f9a42-c006-4ceb-b513-a519c1712714_m.png",
    "title": "Automobilių oro gaiviklis ROTZ VANILLA",
    "price": "1.79",
    "price_2": null,
    "extra_info": "2 ar daugiau su –40%"
  },
  {
    "image_url": "https://cdn.barbora.lt/products/f86e7e57-c944-4c5a-b807-80e42674ffd7_m.png",
    "title": "Automobilių oro gaiviklis ROTZ GREEN TEA, 1 vnt.",
    "price": "2.49",
    "price_2": null,
    "extra_info": "2 ar daugiau su –40%"
  },
  {
    "image_url": "https://cdn.barbora.lt/products/a08cf93c-1b30-4c9f-8625-da8c431d30f9_m.png",
    "title": "NIVEA LUMINOUS630® kūno kremas, 200 ml",
    "price": "7.79",
    "price_2": "38,95€/l",
    "extra_info": "–50%"
  },
  {
    "image_url": "https://cdn.barbora.lt/products/88e8ea90-216b-4d5f-b619-1998a247aada_m.png",
    "title": "Intensyvus plaukų kondicionierius PANTENE Bond Repair, 150 ml",
    "price": "15.59",
    "price_2": null,
    "extra_info": "2 ar daugiau su –40%"
  },
  {
    "image_url": "https://cdn.barbora.lt/products/a219c652-b01c-4865-b6b9-ba93af9e98c6_m.png",
    "title": "Plaukų kondicionierius FAITH IN NATURE DRAGON FRUIT, 400 ml",
    "price": "6.29",
    "price_2": "15,73€/l",
    "extra_info": "–30%"
  },
  {
    "image_url": "https://cdn.barbora.lt/products/2f6ab47b-8414-428d-9e9d-2bdb81a06b8c_m.png",
    "title": "Plaukų kondicionierius OLAPLEX COLOR NR.5P, 250ml",
    "price": "29.99",
    "price_2": null,
    "extra_info": "2 ar daugiau su –40%"
  },
  {
    "image_url": "https://cdn.barbora.lt/products/e6fbd942-af9d-4174-b649-25f6eeb351af_m.png",
    "title": "Plaukų šampūnas NUNU, 400 ml",
    "price": "14.99",
    "price_2": null,
    "extra_info": "2 ar daugiau su –40%"
  },
  {
    "image_url": "https://cdn.barbora.lt/products/b723fcbc-0a22-4684-90b7-10ae9e43c2fe_m.png",
    "title": "Plaukų kaukė NUNU, 200 ml",
    "price": "12.99",
    "price_2": null,
    "extra_info": "2 ar daugiau su –40%"
  },
  {
    "image_url": "https://cdn.barbora.lt/products/2b36e147-dcfb-44d6-877c-bb28cbc82f6c_m.png",
    "title": "Oro gaiviklis ROTZ MYSTIQUE LUST",
    "price": "2.99",
    "price_2": null,
    "extra_info": "2 ar daugiau su –40%"
  },
  {
    "image_url": "https://cdn.barbora.lt/products/4c5721e3-b9f1-418c-ab84-5b6396e358fd_m.png",
    "title": "Plombyras WELL DONE su braškių įdaru, 90 g",
    "price": "1.69",
    "price_2": null,
    "extra_info": "2 už 1,99€"
  },
  {
    "image_url": "https://cdn.barbora.lt/products/bd8ab9d9-cee4-444a-9c57-1fec63dfecd7_m.png",
    "title": "Plaukų šampūnas GARNIER FRUCTIS, 400 ml",
    "price": "6.29",
    "price_2": null,
    "extra_info": "2 ar daugiau su –40%"
  },
  {
    "image_url": "https://cdn.barbora.lt/products/db9413a2-fb9d-4919-a070-0972a6631dca_m.png",
    "title": "Oro gaiviklis AREON MON VANILLA BLACK, 1 vnt.",
    "price": "1.19",
    "price_2": null,
    "extra_info": "2 ar daugiau su –40%"
  },
  {
    "image_url": "https://cdn.barbora.lt/products/aa00b1b3-34cd-4562-9789-2fda7730f943_m.png",
    "title": "Veido fluidas NIVEA LUMINOUS630CC LIGHT, 40 ml",
    "price": "12.49",
    "price_2": "312,25€/l",
    "extra_info": "–50%"
  },
  {
    "image_url": "https://cdn.barbora.lt/products/896594de-9087-460b-b751-de100dc3fe03_m.png",
    "title": "Veido serumas NEUTROGENA HYDRO BOOST, 30 ml",
    "price": "15.39",
    "price_2": "513€/l",
    "extra_info": "–30%"
  },
  {
    "image_url": "https://cdn.barbora.lt/products/5f390adc-12dd-4b6d-8a49-2315508bfe91_m.png",
    "title": "Plaukų dažai GARNIER OLIA, Nr. 4.12, 1 vnt.",
    "price": "9.49",
    "price_2": null,
    "extra_info": "2 ar daugiau su –40%"
  },
  {
    "image_url": "https://cdn.barbora.lt/products/6c36bc9b-882f-4b6c-a51f-ef442113ab80_m.png",
    "title": "Plaukų dažai GARNIER OLIA, Nr. 110, 1 vnt.",
    "price": "9.49",
    "price_2": null,
    "extra_info": "2 ar daugiau su –40%"
  },
  {
    "image_url": "https://cdn.barbora.lt/products/f44fc817-85f9-4474-9a13-99f3160fbf06_m.png",
    "title": "Garnier Olia 5.15, šalta ruda.",
    "price": "9.49",
    "price_2": null,
    "extra_info": "2 ar daugiau su –40%"
  },
  {
    "image_url": "https://cdn.barbora.lt/products/e1424eb0-3f2b-4c22-ba79-25a7c791cb93_m.png",
    "title": "Plaukų dažai GARNIER OLIA, Nr. 1.0, 1 vnt.",
    "price": "9.49",
    "price_2": null,
    "extra_info": "2 ar daugiau su –40%"
  },
  {
    "image_url": "https://cdn.barbora.lt/products/24480b00-fd30-4532-96f4-877756c19d71_m.png",
    "title": "Plaukų dažai GARNIER OLIA, Nr. 9.0, 1 vnt.",
    "price": "9.49",
    "price_2": null,
    "extra_info": "2 ar daugiau su –40%"
  },
  {
    "image_url": "https://cdn.barbora.lt/products/6b457d1b-5414-4dd9-8ac0-2d62f5ebb27f_m.png",
    "title": "Plaukų dažai GARNIER OLIA, Nr. 8.0, 1 vnt.",
    "price": "9.49",
    "price_2": null,
    "extra_info": "2 ar daugiau su –40%"
  },
  {
    "image_url": "https://cdn.barbora.lt/products/76e692ba-ee2e-4386-a610-5f5501ebd773_m.png",
    "title": "Plaukų modeliavimo gelis GOT2B Ultra Glued, 150 ml",
    "price": "10.49",
    "price_2": null,
    "extra_info": "2 ar daugiau su –40%"
  },
  {
    "image_url": "https://cdn.barbora.lt/products/76388bfa-d302-4b27-a620-f3bdf55e95be_m.png",
    "title": "Plaukų kondicionierius PANTENE Infinitely Long Active Nutri-Plex, 275 ml",
    "price": "6.89",
    "price_2": null,
    "extra_info": "2 ar daugiau su –40%"
  },
  {
    "image_url": "https://cdn.barbora.lt/products/5515a785-edc6-4c1c-9e1a-b16d71ec2d85_m.png",
    "title": "Plaukų kondicionierius AUSSIE SOS Blonde&Hydrate, 200 ml",
    "price": "10.99",
    "price_2": null,
    "extra_info": "2 ar daugiau su –40%"
  },
  {
    "image_url": "https://cdn.barbora.lt/products/4204f587-4e88-42a8-aef4-c0d1e3aa2deb_m.png",
    "title": "Plaukų kaukė PANTENE Thick&Strong Active Nutri-Plex, 300 ml",
    "price": "8.99",
    "price_2": null,
    "extra_info": "2 ar daugiau su –40%"
  },
  {
    "image_url": "https://cdn.barbora.lt/products/55c87b1a-799a-407e-9724-dd32e00e196f_m.png",
    "title": "Plaukų šampūnas HEAD&SHOULDERS Deep Hydration, 250 ml",
    "price": "6.29",
    "price_2": null,
    "extra_info": "2 ar daugiau su –40%"
  },
  {
    "image_url": "https://cdn.barbora.lt/products/7bdbc57d-2cd4-4731-8e42-fc7b8455367a_m.png",
    "title": "LISTERINE Total Care Extra Mild burnos skalavimo skystis, 500ml",
    "price": "8.49",
    "price_2": null,
    "extra_info": "2 ar daugiau su –40%"
  },
  {
    "image_url": "https://cdn.barbora.lt/products/f837eff7-7a00-4e47-aa7e-f280466922da_m.png",
    "title": "Moteriškos pėdkelnės ORI SUIT BODY 40 , 2 dydis, nero",
    "price": "3.79",
    "price_2": "3,79€/vnt.",
    "extra_info": "–50%"
  },
  {
    "image_url": "https://cdn.barbora.lt/products/c45e4664-c3ee-4633-8dc6-d8eda138471b_m.png",
    "title": "Moteriškos pėdkelnės ORI SUIT BODY 40 , 5 dydis, nero",
    "price": "3.79",
    "price_2": "3,79€/vnt.",
    "extra_info": "–50%"
  },
  {
    "image_url": "https://cdn.barbora.lt/products/b3b1a230-2b2d-4252-b839-c5d5a83ab298_m.png",
    "title": "Moteriškos pėdkelnės BEVERLY 50 NEW NEUTRO, 3 dydis, 1 vnt.",
    "price": "3.79",
    "price_2": "3,79€/vnt.",
    "extra_info": "–50%"
  },
  {
    "image_url": "https://cdn.barbora.lt/products/e2af71c1-8c2a-4890-8ce7-af1054feef6e_m.png",
    "title": "Moteriškos pėdkelnės BEVERLY 50 NEW NERO, 2 dydis, 1 vnt.",
    "price": "3.79",
    "price_2": "3,79€/vnt.",
    "extra_info": "–50%"
  },
  {
    "image_url": "https://cdn.barbora.lt/products/ed1d4e07-cecd-497f-951b-9a836972b28b_m.png",
    "title": "Moteriškos pėdkelnės BEVERLY 50 NEW NERO, 5 dydis, 1 vnt.",
    "price": "3.79",
    "price_2": "3,79€/vnt.",
    "extra_info": "–50%"
  },
  {
    "image_url": "https://cdn.barbora.lt/products/f6cabdef-2101-4753-b2ec-3d8a02da6155_m.png",
    "title": "KILIG HAIR BOOST galvos odos šveitiklis su ricinos aliejumi ir alyvuogių kauliukais 100 ml",
    "price": "6.15",
    "price_2": null,
    "extra_info": "2 ar daugiau su –40%"
  },
  {
    "image_url": "https://cdn.barbora.lt/products/cad397f9-0880-4f42-9ec7-1fdd16bdd9e0_m.png",
    "title": "Tekstilės valiklis Shell, 500ml",
    "price": "5.99",
    "price_2": null,
    "extra_info": "2 ar daugiau su –40%"
  },
  {
    "image_url": "https://cdn.barbora.lt/products/b65a5cf9-c8ba-4da7-ae48-476a8e0a0e93_m.png",
    "title": "Automobilių stiklų valiklis SHELL, 500ml",
    "price": "4.99",
    "price_2": null,
    "extra_info": "2 ar daugiau su –40%"
  },
  {
    "image_url": "https://cdn.barbora.lt/products/d0138043-d412-47e2-a7e4-2fba926065fc_m.png",
    "title": "Veido serumas NIVEA DERMA SKIN CLEAR REBALANCE & CLEAR, 30 ml",
    "price": "7.99",
    "price_2": "266,33€/l",
    "extra_info": "–50%"
  },
  {
    "image_url": "https://cdn.barbora.lt/products/8ebddc0e-e27c-4bd1-8c04-92db6b98ecb5_m.png",
    "title": "ELSEVE  nenuskalaujamas serumas, 150ml",
    "price": "15.19",
    "price_2": null,
    "extra_info": "2 ar daugiau su –40%"
  },
  {
    "image_url": "https://cdn.barbora.lt/products/cf3ea33e-bb4e-418c-8ed9-5ecd8da0dc3c_m.png",
    "title": "NIVEA CELLULAR EXPERT FILLER dieninis kremas, 50 ml",
    "price": "10.69",
    "price_2": "213,8€/l",
    "extra_info": "–50%"
  },
  {
    "image_url": "https://cdn.barbora.lt/products/bfce2d6f-9fa3-4277-b0e8-d711b576df35_m.png",
    "title": "NIVEA CELLULAR EXPERT FILLER SPINDESĮ SKATINANTIS serumas su vitaminu C, 30 ml",
    "price": "10.69",
    "price_2": "356,33€/l",
    "extra_info": "–50%"
  },
  {
    "image_url": "https://cdn.barbora.lt/products/7cf28a17-e854-49c9-bea1-6569bc31b3ed_m.png",
    "title": "Elektrinis dantų šepetėlis ORAL-B IO 2 NIGHT BLACK, 1 vnt.",
    "price": "104.99",
    "price_2": null,
    "extra_info": "2 ar daugiau su –40%"
  },
  {
    "image_url": "https://cdn.barbora.lt/products/d2069239-43c7-4c45-a746-b95b907110e6_m.png",
    "title": "Veido šveitiklis NEUTROGENA CLEAR&RADIANT, 150 ml",
    "price": "6.29",
    "price_2": "41,93€/l",
    "extra_info": "–30%"
  },
  {
    "image_url": "https://cdn.barbora.lt/products/0e5c368a-b834-445a-b082-07e9ea93379c_m.png",
    "title": "Fructis Keratin Sleek šampūnas, 200ml",
    "price": "7.99",
    "price_2": null,
    "extra_info": "2 ar daugiau su –40%"
  },
  {
    "image_url": "https://cdn.barbora.lt/products/a75f9b98-a1ea-498f-a88c-533fb7379098_m.png",
    "title": "Puero ir uogų arbata PERMAINŲ VĖJAS SKONIS IR KVAPAS, 70 g",
    "price": "4.79",
    "price_2": null,
    "extra_info": "2 ar daugiau su –25%"
  },
  {
    "image_url": "https://cdn.barbora.lt/products/05c723d2-8a40-42fc-b913-96f8fa278cce_m.png",
    "title": "Medaus krūmo arbata ŽYDĖJIMAS SKONIS IR KVAPAS, 90 g",
    "price": "4.39",
    "price_2": null,
    "extra_info": "2 ar daugiau su –25%"
  },
  {
    "image_url": "https://cdn.barbora.lt/products/54ffd1cd-bcb0-45cd-b440-ccc95a34ef7e_m.png",
    "title": "Plaukų šampūnas PANTENE Smooth&Silky Active Nutri-Plex, 400 ml",
    "price": "6.99",
    "price_2": null,
    "extra_info": "2 ar daugiau su –40%"
  },
  {
    "image_url": "https://cdn.barbora.lt/products/9e0ad9b9-53a0-4521-8c84-ea18e2e8cd5a_m.png",
    "title": "Plaukų kondicionierius PANTENE Smooth&Silky Active Nutri-Plex, 275 ml",
    "price": "6.89",
    "price_2": null,
    "extra_info": "2 ar daugiau su –40%"
  },
  {
    "image_url": "https://cdn.barbora.lt/products/ede020b5-6ac8-443d-bed9-695c974e13da_m.png",
    "title": "Intensyvus plaukų kondicionierius PANTENE Smooth&Silky Active Nutri-Plex, 3 minutes miracles, 220 ml",
    "price": "7.19",
    "price_2": null,
    "extra_info": "2 ar daugiau su –40%"
  },
  {
    "image_url": "https://cdn.barbora.lt/products/400cb5a1-2bc4-4b8c-874f-f3d98aa74405_m.png",
    "title": "Vyno acto kremas ANDREA MILANO su aitriosiomis paprikomis, 150 ml",
    "price": "1.69",
    "price_2": "11,27€/l",
    "extra_info": "–32%"
  },
  {
    "image_url": "https://cdn.barbora.lt/products/034de25f-aeb8-4208-aec1-0d0b7951966c_m.png",
    "title": "JORDAN Kids, dantų pastos su dozatoriumi papildymas, 0-5 metai, 150 ml",
    "price": "8.59",
    "price_2": null,
    "extra_info": "2 ar daugiau su –40%"
  },
  {
    "image_url": "https://cdn.barbora.lt/products/bb3ed92a-377b-4c37-a3ac-97f2cd8f127c_m.png",
    "title": "Šunų kramtalai LOVETT, 270g",
    "price": "2.79",
    "price_2": "10,33€/kg",
    "extra_info": "–30%"
  },
  {
    "image_url": "https://cdn.barbora.lt/products/09d341cb-dad4-437f-ba28-78c6f5ecc642_m.png",
    "title": "NIVEA LUMINOUS630® SKIN GLOW ŠVYTĖJIMĄ SKATINANTIS SERUMAS 30 ml",
    "price": "10.99",
    "price_2": "366,33€/l",
    "extra_info": "–50%"
  },
  {
    "image_url": "https://cdn.barbora.lt/products/5cdb44e6-d297-4c9b-a9a9-0cee8395784b_m.png",
    "title": "Dantų šepetėlis ORAL-B Pro-3DWhite Advanced, Whitening Clean, Medium, 1 vnt.",
    "price": "4.49",
    "price_2": null,
    "extra_info": "2 ar daugiau su –40%"
  },
  {
    "image_url": "https://cdn.barbora.lt/products/aeda2a2d-5c4b-48fa-b76b-fd3fd759c8d8_m.png",
    "title": "NIVEA MEN Derma Control Defend purškiamas antiperspirantas vyrams 150 ml",
    "price": "2.39",
    "price_2": "15,93€/l",
    "extra_info": "–50%"
  },
  {
    "image_url": "https://cdn.barbora.lt/products/66df6313-9b76-4e13-8ba4-a8ca38e7fa7a_m.png",
    "title": "Patalynės komplektas 200x220/2x50x70cm,pl.dirželiai",
    "price": "29.99",
    "price_2": null,
    "extra_info": "2 ar daugiau su –40%"
  },
  {
    "image_url": "https://cdn.barbora.lt/products/6a7dde45-1c7c-4e71-8d14-995758929288_m.png",
    "title": "NIVEA® CELLULAR EPIGENETICS JAUNINANTIS SERUMAS SU EPICELLINE® 15 ml",
    "price": "8.49",
    "price_2": "566€/l",
    "extra_info": "–50%"
  },
  {
    "image_url": "https://cdn.barbora.lt/products/a998da8b-5f04-4972-b779-212b7c6c0f9e_m.png",
    "title": "Žalioji japoniška arbata NANAMI SKONIS IR KVAPAS, 65 g",
    "price": "7.99",
    "price_2": null,
    "extra_info": "2 ar daugiau su –25%"
  },
  {
    "image_url": "https://cdn.barbora.lt/products/7a23f8ab-0caf-48f0-b1ee-b4e66a864c68_m.png",
    "title": "Vytintas kumpis ESPUNA, nerūšinis gaminys, 200 g",
    "price": "5.49",
    "price_2": "27,45€/kg",
    "extra_info": "–21%"
  },
  {
    "image_url": "https://cdn.barbora.lt/products/c4df2485-d723-4225-a049-937c7c9e6908_m.png",
    "title": "Club 4 Paws Premium visavertis sausas pašaras mažų veislių suaugusiems šunims su antiena, 900 gr",
    "price": "3.43",
    "price_2": "3,81€/kg",
    "extra_info": "–35%"
  },
  {
    "image_url": "https://cdn.barbora.lt/products/8075446a-1b2b-4768-9aa0-45541c24cd8f_m.png",
    "title": "Satininės patalynės komplektas 200x220/2x50x70cm,bijūn",
    "price": "39.99",
    "price_2": null,
    "extra_info": "2 ar daugiau su –40%"
  },
  {
    "image_url": "https://cdn.barbora.lt/products/ec9ee2b9-e3ec-474c-91ae-21ec209492f8_m.png",
    "title": "Patalynės komplektas 140x200/50x70cm, mėlynos gėlės",
    "price": "15.99",
    "price_2": null,
    "extra_info": "2 ar daugiau su –40%"
  },
  {
    "image_url": "https://cdn.barbora.lt/products/ed8d038d-adab-440d-88a3-bbcd9f34a8b4_m.png",
    "title": "Satininės patalynės komplektas 200x220/2x50x70cm,b.kavos",
    "price": "39.99",
    "price_2": null,
    "extra_info": "2 ar daugiau su –40%"
  },
  {
    "image_url": "https://cdn.barbora.lt/products/3d8618db-0c05-4016-b24f-38ba537d27c9_m.png",
    "title": "Patalynės komplektas 140x200/50x70cm,žalia",
    "price": "15.99",
    "price_2": null,
    "extra_info": "2 ar daugiau su –40%"
  },
  {
    "image_url": "https://cdn.barbora.lt/products/d3fca5db-ad06-47cd-87f9-6ed59026d726_m.png",
    "title": "Satininės patalynės komplektas 200x220/2x50x70cm gėlės",
    "price": "39.99",
    "price_2": null,
    "extra_info": "2 ar daugiau su –40%"
  },
  {
    "image_url": "https://cdn.barbora.lt/products/cef1b3a8-e25d-4e38-9c4a-5586f799d52d_m.png",
    "title": "Satininės patalynės komplektas 140x200/50x70cm dėlion",
    "price": "24.99",
    "price_2": null,
    "extra_info": "2 ar daugiau su –40%"
  },
  {
    "image_url": "https://cdn.barbora.lt/products/58fc0847-f503-4345-8349-ba22c1e4843d_m.png",
    "title": "Satininė paklodė su guma,140x200+30cm,t.pilka",
    "price": "24.99",
    "price_2": null,
    "extra_info": "2 ar daugiau su –40%"
  },
  {
    "image_url": "https://cdn.barbora.lt/products/1984f891-ef39-4d55-93c4-c686f5188d28_m.png",
    "title": "Satininės patalynės komplektas200x220/2x50x70cm,alyvų",
    "price": "49.99",
    "price_2": null,
    "extra_info": "2 ar daugiau su –40%"
  },
  {
    "image_url": "https://cdn.barbora.lt/products/267ddf88-fa05-4785-b82e-5c792dc55ac3_m.png",
    "title": "Satininė paklodė su guma 140x200+30cm chaki",
    "price": "14.99",
    "price_2": null,
    "extra_info": "2 ar daugiau su –40%"
  },
  {
    "image_url": "https://cdn.barbora.lt/products/c545d283-9764-4fc7-a43a-536f948e3245_m.png",
    "title": "Paklodė su guma 90x200+30cm,alyv",
    "price": "7.99",
    "price_2": null,
    "extra_info": "2 ar daugiau su –40%"
  },
  {
    "image_url": "https://cdn.barbora.lt/products/b87c4b2c-1073-444d-81f7-876780c87b9e_m.png",
    "title": "Paklodė su guma 160x200+30cm,t.pilka",
    "price": "11.99",
    "price_2": null,
    "extra_info": "2 ar daugiau su –40%"
  },
  {
    "image_url": "https://cdn.barbora.lt/products/57074f04-9fae-417f-b9b5-687a7de7f69a_m.png",
    "title": "Greitai paruošiami makaronai MAGGI ASIA CLASSIC, 75 g",
    "price": "1.31",
    "price_2": "17,47€/kg",
    "extra_info": "–40%"
  },
  {
    "image_url": "https://cdn.barbora.lt/products/e0776ce0-4d40-426b-8605-18ded501a79c_m.png",
    "title": "Dažom. plaukų kremas PALETTE INTENSIVE COLOR CREME, Nr. 1-0, 1 vnt.",
    "price": "5.49",
    "price_2": null,
    "extra_info": "2 ar daugiau su –40%"
  },
  {
    "image_url": "https://cdn.barbora.lt/products/d7097005-904a-43fd-83a6-412ad1d33a1c_m.png",
    "title": "Plaukų lakas WELLAFLEX BRILLIANT COLOR, 250 ml",
    "price": "5.39",
    "price_2": null,
    "extra_info": "2 ar daugiau su –40%"
  },
  {
    "image_url": "https://cdn.barbora.lt/products/360ac01a-f2a2-42ff-a9f7-5f6a40dbef51_m.png",
    "title": "Automobilių šampūnas su vašku TURTLE WAX, 500 ml",
    "price": "3.49",
    "price_2": "6,98€/l",
    "extra_info": "–50%"
  },
  {
    "image_url": "https://cdn.barbora.lt/products/c95c6529-a654-4eb3-8ab2-6d03d0affc77_m.png",
    "title": "PALETTE DELUXE plaukų dažai 3-65 (575) skaisčiai raudonas",
    "price": "7.79",
    "price_2": null,
    "extra_info": "2 ar daugiau su –40%"
  },
  {
    "image_url": "https://cdn.barbora.lt/products/3b88decc-d062-4525-a2a1-4357a1a3403c_m.png",
    "title": "Moteriškos pėdkelnės IMMAGINE Italiana Confort 40den 3 d., neutro",
    "price": "1.54",
    "price_2": "1,54€/vnt.",
    "extra_info": "–50%"
  },
  {
    "image_url": "https://cdn.barbora.lt/products/e285f128-167c-4565-ac02-7f3f19619af0_m.png",
    "title": "Moteriškos pėdkelnės IMG CONFORT 40 , 4 dydis, bronzo",
    "price": "1.54",
    "price_2": "1,54€/vnt.",
    "extra_info": "–50%"
  },
  {
    "image_url": "https://cdn.barbora.lt/products/22e97492-c06e-4954-beaa-e6c028c264e5_m.png",
    "title": "Žolelių arbatos ir medaus rinkinys ŠVENČIONIŲ VAISTAŽOLĖS, 185 g",
    "price": "28.67",
    "price_2": null,
    "extra_info": "2 ar daugiau su –25%"
  },
  {
    "image_url": "https://cdn.barbora.lt/products/fb2a864d-99c2-407b-b0da-f402189c6977_m.png",
    "title": "Plaukų dažai PALETTE ICC 6-0",
    "price": "5.49",
    "price_2": null,
    "extra_info": "2 ar daugiau su –40%"
  },
  {
    "image_url": "https://cdn.barbora.lt/products/d7ffa5ae-8eed-4255-9332-ff08a2c06a86_m.png",
    "title": "Plaukų dažai L'OREAL RECITAL PREFERENCE, 1 vnt.",
    "price": "8.75",
    "price_2": "8,75€/vnt.",
    "extra_info": "–35%"
  },
  {
    "image_url": "https://cdn.barbora.lt/products/e0d0d266-0e1c-4339-9473-9ea713c2db9a_m.png",
    "title": "Gelis revitalizantas EX120 benzininiams varikliams",
    "price": "21.99",
    "price_2": null,
    "extra_info": "2 ar daugiau su –40%"
  },
  {
    "image_url": "https://cdn.barbora.lt/products/7e3e9922-5e51-4f4b-a49c-52a263f3166d_m.png",
    "title": "Dantų šepetėlis JORDAN INDIVIDUAL CLEAN MEDIUM, 1 vnt.",
    "price": "3.79",
    "price_2": null,
    "extra_info": "2 ar daugiau su –40%"
  },
  {
    "image_url": "https://cdn.barbora.lt/products/86cea775-5ec3-4394-87ad-67c8bf185110_m.png",
    "title": "Odos priežiūros putos SONAX, 400ml",
    "price": "13.49",
    "price_2": null,
    "extra_info": "2 ar daugiau su –40%"
  },
  {
    "image_url": "https://cdn.barbora.lt/products/a212d39c-f607-46e9-adf6-c040eca37770_m.png",
    "title": "Plaukų dažai L'OREAL EXCELLENCE CREME, Nr. 9.1, 1 vnt.",
    "price": "7.09",
    "price_2": "7,09€/vnt.",
    "extra_info": "–35%"
  },
  {
    "image_url": "https://cdn.barbora.lt/products/25671d5b-c453-42c2-aa7c-95282e041d72_m.png",
    "title": "Plaukų kremas SYOSS COLOR 3-3",
    "price": "8.99",
    "price_2": null,
    "extra_info": "2 ar daugiau su –40%"
  },
  {
    "image_url": "https://cdn.barbora.lt/products/c037dc99-31c7-4c69-ad3d-aede2327e92d_m.png",
    "title": "Moteriškos pėdkelnės IMMAGINE Italiana Ledi20, 3 d.,visone",
    "price": "1.04",
    "price_2": "1,04€/vnt.",
    "extra_info": "–50%"
  },
  {
    "image_url": "https://cdn.barbora.lt/products/43e487f4-e41a-44a5-ac0d-59cc44ff4484_m.png",
    "title": "Moteriškos pėdkelnės IMMAGINE Italiana Ledi20, 4 d.,visone",
    "price": "1.04",
    "price_2": "1,04€/vnt.",
    "extra_info": "–50%"
  },
  {
    "image_url": "https://cdn.barbora.lt/products/92faf8e3-5a88-4a47-9e1b-e365c52f2290_m.png",
    "title": "Moteriškos kojinaitės IMMAGINE Italiana Alba20(2p), un,dain,TI,6",
    "price": "1.24",
    "price_2": "0,62€/vnt.",
    "extra_info": "–50%"
  },
  {
    "image_url": "https://cdn.barbora.lt/products/215371ef-6600-4c03-925d-f3f29af415bc_m.png",
    "title": "Moteriškos kojinaitės IMMAGINE Italiana Alba20(2p), un,neut,TI,6",
    "price": "1.24",
    "price_2": "0,62€/vnt.",
    "extra_info": "–50%"
  },
  {
    "image_url": "https://cdn.barbora.lt/products/5f5313de-5817-4724-b9bc-f9654a3c14ee_m.png",
    "title": "Moteriškos pėdkelnės IMMAGINE Italiana Confort 40den 3 visone",
    "price": "1.54",
    "price_2": "1,54€/vnt.",
    "extra_info": "–50%"
  },
  {
    "image_url": "https://cdn.barbora.lt/products/6d2c11ac-9053-4c03-9667-7a86e1678493_m.png",
    "title": "Plaukų dažai L'OREAL PREFERENCE, 1 vnt.",
    "price": "8.75",
    "price_2": "8,75€/vnt.",
    "extra_info": "–35%"
  },
  {
    "image_url": "https://cdn.barbora.lt/products/710224f4-0546-42d9-bf93-7d224952f198_m.png",
    "title": "Moteriškos kojinaitės ORI Step20(2p), un,nature,TI,6",
    "price": "1.39",
    "price_2": "0,7€/vnt.",
    "extra_info": "–50%"
  },
  {
    "image_url": "https://cdn.barbora.lt/products/1b76e345-a8f6-47f4-917f-12f4f0192c3f_m.png",
    "title": "Moteriškos kojinaitės ORI Step20(2p), universalus,nero,TI,6",
    "price": "1.39",
    "price_2": "0,7€/vnt.",
    "extra_info": "–50%"
  },
  {
    "image_url": "https://cdn.barbora.lt/products/13dd0f80-fc35-456a-9c49-e72f8da8b61e_m.png",
    "title": "NIVEA MEN Losjonas po skutimosi PROTECT&CARE, 100 ml",
    "price": "5.99",
    "price_2": "59,9€/l",
    "extra_info": "–50%"
  },
  {
    "image_url": "https://cdn.barbora.lt/products/512c534d-6cdb-442a-b889-96067dc0fcbd_m.png",
    "title": "Plaukų dažai SYOSS OLEO INTENSE, Nr. 7-10, 1 vnt.",
    "price": "9.49",
    "price_2": null,
    "extra_info": "2 ar daugiau su –40%"
  },
  {
    "image_url": "https://cdn.barbora.lt/products/a12d442e-2a69-4212-823f-b13572ec9934_m.png",
    "title": "Dažomasis plaukų kremas SYOSS OLEO INTENSE, 1 vnt.",
    "price": "9.49",
    "price_2": null,
    "extra_info": "2 ar daugiau su –40%"
  },
  {
    "image_url": "https://cdn.barbora.lt/products/71ca3069-c8d2-4a9d-b724-42ee17757d93_m.png",
    "title": "Plaukų putos PROFESSIONAL STYLE EXTRA HOLD, 225 ml",
    "price": "2.15",
    "price_2": null,
    "extra_info": "2 ar daugiau su –40%"
  },
  {
    "image_url": "https://cdn.barbora.lt/products/c42a4d9e-f565-48e9-a4f3-cb626e416709_m.png",
    "title": "Moteriškos kojinaitės ORI Step40(2p), un,nero,TI,6",
    "price": "1.44",
    "price_2": "0,72€/vnt.",
    "extra_info": "–50%"
  },
  {
    "image_url": "https://cdn.barbora.lt/products/0db16dea-8ac6-44a0-9afe-9530bfe48050_m.png",
    "title": "Moteriškos kojinaitės ORI Step40(2p), un,neut,TI,6",
    "price": "1.44",
    "price_2": "0,72€/vnt.",
    "extra_info": "–50%"
  },
  {
    "image_url": "https://cdn.barbora.lt/products/41ae08e0-baec-4377-9e60-cbf5d0d2f212_m.png",
    "title": "Moteriškos pėdkelnės ORI  CONFORTFIT 40,3,NEUT,TI,4",
    "price": "2.74",
    "price_2": "2,74€/vnt.",
    "extra_info": "–50%"
  },
  {
    "image_url": "https://cdn.barbora.lt/products/c9a71655-59cc-4665-8a79-de60d860fe58_m.png",
    "title": "Plaukų putos WELLAFLEX INSTANT VOLUME BOOST, 200 ml",
    "price": "5.39",
    "price_2": null,
    "extra_info": "2 ar daugiau su –40%"
  },
  {
    "image_url": "https://cdn.barbora.lt/products/11882678-5965-4700-9fd8-70390a5f7e0b_m.png",
    "title": "Dažom. plaukų kremas PALETTE INTENSIVE COLOR CREM, Nr. 3-65, 1 vnt.",
    "price": "5.49",
    "price_2": null,
    "extra_info": "2 ar daugiau su –40%"
  },
  {
    "image_url": "https://cdn.barbora.lt/products/bbe2497c-9ecd-4da6-a677-8ef72b0ffa33_m.png",
    "title": "Moteriškos pėdkelnės IMG FORMING SLIM 40 , 4 dydis, nero",
    "price": "2.89",
    "price_2": "2,89€/vnt.",
    "extra_info": "–50%"
  },
  {
    "image_url": "https://cdn.barbora.lt/products/b704a18c-3092-4939-9b36-c6cb69a26be7_m.png",
    "title": "Moteriškos pėdkelnės IMG FORMING SLIM 40, 4 dydis,antraci",
    "price": "2.89",
    "price_2": "2,89€/vnt.",
    "extra_info": "–50%"
  },
  {
    "image_url": "https://cdn.barbora.lt/products/3b732efd-6bea-4c59-8873-0c617e8f4950_m.png",
    "title": "Moteriškos pėdkelnėsIMG FormingSlim70, 3 dydis,nero,TI,6",
    "price": "3.34",
    "price_2": "3,34€/vnt.",
    "extra_info": "–50%"
  },
  {
    "image_url": "https://cdn.barbora.lt/products/c51b7485-ea8d-45ab-9073-0f80deb1d6b2_m.png",
    "title": "Automobilių oro gaiviklis AMBI PUR FLOWERS & SPRING, 1 vnt.",
    "price": "5.99",
    "price_2": null,
    "extra_info": "2 ar daugiau su –40%"
  },
  {
    "image_url": "https://cdn.barbora.lt/products/042ce12b-6a4b-4ec0-a02b-4505bc2d3a98_m.png",
    "title": "Moteriškos pėdkelnės IMG CONFORT 40 , 5 dydis, bronzo",
    "price": "1.54",
    "price_2": "1,54€/vnt.",
    "extra_info": "–50%"
  },
  {
    "image_url": "https://cdn.barbora.lt/products/9d8f117a-38b2-43a5-bbe8-bf14980345ea_m.png",
    "title": "Valymo šluostės ARMORALL, 3 vnt., 3 vnt.",
    "price": "5.99",
    "price_2": null,
    "extra_info": "2 ar daugiau su –40%"
  },
  {
    "image_url": "https://cdn.barbora.lt/products/fe22e618-3a3d-4eb0-a997-ca23f5420b07_m.png",
    "title": "Plaukų balzamas JOHN FRIEDA VOLUME, 250 ml",
    "price": "9.99",
    "price_2": null,
    "extra_info": "2 ar daugiau su –40%"
  },
  {
    "image_url": "https://cdn.barbora.lt/products/44162490-5971-431b-b628-f04d66a61956_m.png",
    "title": "Plaukų putos JOHN FRIEDA VOLUME, 200 ml",
    "price": "10.99",
    "price_2": null,
    "extra_info": "2 ar daugiau su –40%"
  },
  {
    "image_url": "https://cdn.barbora.lt/products/174ffeb1-6da0-4c64-bfdc-a750539bf396_m.png",
    "title": "Plaukų dažai L'OREAL EXCELLENCE CREME, Nr. 100, 1 vnt.",
    "price": "7.09",
    "price_2": "7,09€/vnt.",
    "extra_info": "–35%"
  },
  {
    "image_url": "https://cdn.barbora.lt/products/4076cb0a-0fb0-4e0c-b5a7-8f1787ae1cd4_m.png",
    "title": "Plaukų šampūnas JOHN FRIEDA SHEERE BLONDE BRIGHTENING, 250 ml",
    "price": "11.19",
    "price_2": null,
    "extra_info": "2 ar daugiau su –40%"
  },
  {
    "image_url": "https://cdn.barbora.lt/products/0f254908-8598-45e1-b573-e869b0fe570d_m.png",
    "title": "Plaukų balzamas JOHN FRIEDA SHEERE BLONDE BRIGHTENING, 250 ml",
    "price": "11.19",
    "price_2": null,
    "extra_info": "2 ar daugiau su –40%"
  },
  {
    "image_url": "https://cdn.barbora.lt/products/d0413f12-7d22-424f-a399-88e9aaaa57bb_m.png",
    "title": "Automobilių oro gaiviklis AREON APPLE&CINNAMON, 35 ml",
    "price": "4.29",
    "price_2": null,
    "extra_info": "2 ar daugiau su –40%"
  },
  {
    "image_url": "https://cdn.barbora.lt/products/5006cc3e-9d00-4eac-a743-6835b1146eae_m.png",
    "title": "Automobilių oro gaiviklis AREON MELON, 35 ml",
    "price": "4.29",
    "price_2": null,
    "extra_info": "2 ar daugiau su –40%"
  },
  {
    "image_url": "https://cdn.barbora.lt/products/5450bbf0-ebdf-40e0-bd1a-4e493d6e137c_m.png",
    "title": "Plaukų želė VENITA SALON MEGASTRONG, 150 g",
    "price": "1.09",
    "price_2": null,
    "extra_info": "2 ar daugiau su –40%"
  },
  {
    "image_url": "https://cdn.barbora.lt/products/f974f5ab-1442-4463-a3c8-46ad31965869_m.png",
    "title": "Plaukų želė VENITA SALON SUPERSTRONG, 150 g",
    "price": "1.09",
    "price_2": null,
    "extra_info": "2 ar daugiau su –40%"
  },
  {
    "image_url": "https://cdn.barbora.lt/products/d77c509c-3e0b-4953-81dd-4f80a6734e94_m.png",
    "title": "Automobilių oro gaiviklis AREON PERFUME VANILA, 35 ml",
    "price": "4.29",
    "price_2": null,
    "extra_info": "2 ar daugiau su –40%"
  },
  {
    "image_url": "https://cdn.barbora.lt/products/58e539cf-21a4-413a-a46d-5ef95c1d7227_m.png",
    "title": "Dažom. plaukų kremas PALETTE INTENSIVE COLOR CR, Nr. 7-887, 1 vnt.",
    "price": "5.49",
    "price_2": null,
    "extra_info": "2 ar daugiau su –40%"
  },
  {
    "image_url": "https://cdn.barbora.lt/products/89ae4441-13f0-4561-9152-a04b65970d86_m.png",
    "title": "Ratlankių valiklis TURTLE WAX, 500 ml",
    "price": "5.74",
    "price_2": "11,48€/l",
    "extra_info": "–50%"
  },
  {
    "image_url": "https://cdn.barbora.lt/products/2b592c75-4e89-43a1-b383-99e53d8dfc82_m.png",
    "title": "Automobilių skydelių valiklis TURTLE WAX NEW CAR, 500 ml",
    "price": "3.74",
    "price_2": "7,48€/l",
    "extra_info": "–50%"
  },
  {
    "image_url": "https://cdn.barbora.lt/products/2ba68be3-18c3-4f39-9269-8275c1139c68_m.png",
    "title": "Prietaisų skydelių ir stiklų valiklis TURTLE WAX, 500 ml",
    "price": "4.74",
    "price_2": "9,48€/l",
    "extra_info": "–50%"
  },
  {
    "image_url": "https://cdn.barbora.lt/products/6faf3501-4608-4342-9e0a-6d494e7d70f4_m.png",
    "title": "Dažomasis plaukų kremas SYOSS OLEO INTENSE, Nr. 10-50, 1 vnt.",
    "price": "9.49",
    "price_2": null,
    "extra_info": "2 ar daugiau su –40%"
  },
  {
    "image_url": "https://cdn.barbora.lt/products/822eef49-c22d-4aea-930d-5e4608692e38_m.png",
    "title": "Dažomasis plaukų šaknų purškiklis L'OREAL MAGIC, rudos sp., 75 ml",
    "price": "8.99",
    "price_2": null,
    "extra_info": "2 ar daugiau su –40%"
  },
  {
    "image_url": "https://cdn.barbora.lt/products/9c198b9f-8aaa-47c7-bfc0-ec4165dcfa1d_m.png",
    "title": "Dažomasis plaukų šaknų purškiklis L'OREAL MAGIC, 75 ml",
    "price": "8.99",
    "price_2": null,
    "extra_info": "2 ar daugiau su –40%"
  },
  {
    "image_url": "https://cdn.barbora.lt/products/a45fc5b9-d3a6-48ab-a827-880361fdc4ad_m.png",
    "title": "Moteriškos pėdkelnės IMMAGINE LOLA 40, 2 dydis, 1 vnt.",
    "price": "1.44",
    "price_2": "1,44€/vnt.",
    "extra_info": "–50%"
  },
  {
    "image_url": "https://cdn.barbora.lt/products/d031abeb-b5cb-441f-92ba-6dfa5bee0930_m.png",
    "title": "Moteriškos pėdkelnės IMMAGINE LOLA 40, 4 dydis, 1 vnt.",
    "price": "1.44",
    "price_2": "1,44€/vnt.",
    "extra_info": "–50%"
  },
  {
    "image_url": "https://cdn.barbora.lt/products/e67b1f86-95e4-4323-aa99-989b29abce6e_m.png",
    "title": "Moteriškos pėdkelnės ORI  Attiva Body 40den 2 neutro",
    "price": "1.99",
    "price_2": "1,99€/vnt.",
    "extra_info": "–50%"
  },
  {
    "image_url": "https://cdn.barbora.lt/products/660d5fac-45b1-4003-82eb-89361f0a7f73_m.png",
    "title": "Moteriškos pėdkelnės ORI  Attiva Body 40den 3 neutro",
    "price": "1.99",
    "price_2": "1,99€/vnt.",
    "extra_info": "–50%"
  },
  {
    "image_url": "https://cdn.barbora.lt/products/e39207f2-d94e-4366-af46-846b8ecf4a1f_m.png",
    "title": "Moteriškos pėdkelnės ORI  Attiva Body 40den 4 neutro",
    "price": "1.99",
    "price_2": "1,99€/vnt.",
    "extra_info": "–50%"
  },
  {
    "image_url": "https://cdn.barbora.lt/products/855cbb33-c637-41ad-98a4-f89a198aad62_m.png",
    "title": "Moteriškos pėdkelnės ORI ATTIVA BODY70, 2 dydis,ANTRACIT",
    "price": "2.14",
    "price_2": "2,14€/vnt.",
    "extra_info": "–50%"
  },
  {
    "image_url": "https://cdn.barbora.lt/products/99c96ba5-6bf7-4bc8-ad55-4a6bc2026025_m.png",
    "title": "Moteriškos pėdkelnės ORI ATTIVA BODY70, 5 dydis,ANTRACIT",
    "price": "2.14",
    "price_2": "2,14€/vnt.",
    "extra_info": "–50%"
  },
  {
    "image_url": "https://cdn.barbora.lt/products/fbccae3f-6105-4f64-9f01-889e57bba6a6_m.png",
    "title": "Moteriškos pėdkelnės ORI Attiva Body70, 2 dydis ,nero",
    "price": "2.14",
    "price_2": "2,14€/vnt.",
    "extra_info": "–50%"
  },
  {
    "image_url": "https://cdn.barbora.lt/products/e93f76f4-8e25-46b1-9251-8a573087150f_m.png",
    "title": "Moteriškos pėdkelnės ORI  Talia40, 3 d.,nero",
    "price": "3.39",
    "price_2": "3,39€/vnt.",
    "extra_info": "–50%"
  },
  {
    "image_url": "https://cdn.barbora.lt/products/88f761c1-3e02-4515-b093-8b2a4f0acc16_m.png",
    "title": "Moteriškos pėdkelnės ORI  Talia40, 2 d.,neutro",
    "price": "3.39",
    "price_2": "3,39€/vnt.",
    "extra_info": "–50%"
  },
  {
    "image_url": "https://cdn.barbora.lt/products/35a1f8fe-b956-494f-ba3c-866835e3db48_m.png",
    "title": "Moteriškos pėdkelnės ORI  Talia40, 4 d.,neutro",
    "price": "3.39",
    "price_2": "3,39€/vnt.",
    "extra_info": "–50%"
  },
  {
    "image_url": "https://cdn.barbora.lt/products/85a5a9e2-2cdd-4052-a41f-f45037f01b74_m.png",
    "title": "Moteriškos pėdkelnės IMMAGINE MAMMA 40 NERO S/M, 1 vnt.",
    "price": "2.84",
    "price_2": "2,84€/vnt.",
    "extra_info": "–50%"
  },
  {
    "image_url": "https://cdn.barbora.lt/products/2e851c4d-4d6d-4dc1-82a2-e601d10a29a4_m.png",
    "title": "Moteriškos pėdkelnės ORI Control Body70, 4 dydis, antracite",
    "price": "2.84",
    "price_2": "2,84€/vnt.",
    "extra_info": "–50%"
  },
  {
    "image_url": "https://cdn.barbora.lt/products/3376c7f6-ffdb-4af6-8cb5-08fc802204b7_m.png",
    "title": "Moteriškos pėdkelnės ORI Sensual150, 2 dydis,nero",
    "price": "3.74",
    "price_2": "3,74€/vnt.",
    "extra_info": "–50%"
  },
  {
    "image_url": "https://cdn.barbora.lt/products/a0393c05-3794-45f0-9ee0-113b4106aaa6_m.png",
    "title": "Moteriškos pėdkelnės ORI Sensual150, 4 dydis,nero",
    "price": "3.74",
    "price_2": "3,74€/vnt.",
    "extra_info": "–50%"
  },
  {
    "image_url": "https://cdn.barbora.lt/products/f4a6a38f-645b-4a14-b599-d62b60817cc4_m.png",
    "title": "Vyriškos kojinės FRIENDS, 39-42 dydis, 2 vnt.",
    "price": "4.19",
    "price_2": "2,1€/vnt.",
    "extra_info": "–40%"
  },
  {
    "image_url": "https://cdn.barbora.lt/products/ae3032ae-df83-4be2-9500-9cb8d801d89b_m.png",
    "title": "Vyriškos kojinės FRIENDS, 43-46 dydis, 2 vnt.",
    "price": "4.19",
    "price_2": "2,1€/vnt.",
    "extra_info": "–40%"
  },
  {
    "image_url": "https://cdn.barbora.lt/products/74f86b50-4ce6-4a8a-b887-f4d6d0611494_m.png",
    "title": "Moteriškos kojinės FRIENDS, 35-38 dydis, 3 vnt.",
    "price": "5.99",
    "price_2": "2€/vnt.",
    "extra_info": "–40%"
  },
  {
    "image_url": "https://cdn.barbora.lt/products/60c975a0-9615-42f5-95a0-a5ebb908079c_m.png",
    "title": "Moteriškos pėdkelnės IMMAGINE Italiana Only20, 2,nature",
    "price": "1.49",
    "price_2": "1,49€/vnt.",
    "extra_info": "–50%"
  },
  {
    "image_url": "https://cdn.barbora.lt/products/6eb149e7-f8ed-4706-8507-82da08338fc8_m.png",
    "title": "Moteriškos pėdkelnės IMMAGINE Italiana Only20, 4 d.,nature",
    "price": "1.49",
    "price_2": "1,49€/vnt.",
    "extra_info": "–50%"
  },
  {
    "image_url": "https://cdn.barbora.lt/products/14be0ed8-2a17-4805-9c15-e9c3bfcfe32d_m.png",
    "title": "Moteriškos pėdkelnės IMMAGINE Italiana Only20, 2 d.,nero",
    "price": "1.49",
    "price_2": "1,49€/vnt.",
    "extra_info": "–50%"
  },
  {
    "image_url": "https://cdn.barbora.lt/products/e92227ef-4c59-4c28-92a3-8c7d1bddc0aa_m.png",
    "title": "Automobilių oro gaivikliai AMBI PUR FLOWERS & SPRING, 2 vnt., 4 ml",
    "price": "9.49",
    "price_2": null,
    "extra_info": "2 ar daugiau su –40%"
  },
  {
    "image_url": "https://cdn.barbora.lt/products/20f24283-97fa-4ff1-8711-e5801381f092_m.png",
    "title": "Moteriškos pėdkelnės IMMAGINE Italiana Only40, 4 d., antracite",
    "price": "1.99",
    "price_2": "1,99€/vnt.",
    "extra_info": "–50%"
  },
  {
    "image_url": "https://cdn.barbora.lt/products/7210f51c-b47d-4a8e-b71c-358adac415be_m.png",
    "title": "Moteriškos pėdkelnės IMMAGINE Italiana Only40, 4 d.,neutro",
    "price": "1.99",
    "price_2": "1,99€/vnt.",
    "extra_info": "–50%"
  },
  {
    "image_url": "https://cdn.barbora.lt/products/0358b3a9-b930-40bf-9aca-efb29b2fd7e5_m.png",
    "title": "Moteriškos pėdkelnės ORI  Talia40, 3 d.,antracite",
    "price": "3.39",
    "price_2": "3,39€/vnt.",
    "extra_info": "–50%"
  },
  {
    "image_url": "https://cdn.barbora.lt/products/eb01bdad-1ab2-4f7a-994b-29e01f48b9c9_m.png",
    "title": "Moteriškos pėdkelnės ORI  Talia40, 4,antracite",
    "price": "3.39",
    "price_2": "3,39€/vnt.",
    "extra_info": "–50%"
  },
  {
    "image_url": "https://cdn.barbora.lt/products/cf455af6-ae6f-4191-ba8b-377a0b972c4e_m.png",
    "title": "Kuro sistemos valiklis AtomEx Multi Cleaner (Benzinui)",
    "price": "15.99",
    "price_2": null,
    "extra_info": "2 ar daugiau su –40%"
  },
  {
    "image_url": "https://cdn.barbora.lt/products/fb0bd1ab-d82d-4c56-ac9d-d506d0b6e6d2_m.png",
    "title": "Automobilių oro gaiviklis AREON FRESCO GOLD, 1 vnt.",
    "price": "3.59",
    "price_2": null,
    "extra_info": "2 ar daugiau su –40%"
  },
  {
    "image_url": "https://cdn.barbora.lt/products/4a5d3f86-0116-4d50-9270-076790b1502e_m.png",
    "title": "Moteriškos pėdkelnės  ORI Cristal20, 2,nature",
    "price": "1.84",
    "price_2": "1,84€/vnt.",
    "extra_info": "–50%"
  },
  {
    "image_url": "https://cdn.barbora.lt/products/b3238e4e-11a0-474f-ba94-e7e36b50fd47_m.png",
    "title": "Moteriškos pėdkelnės  ORI Cristal20, 2,neutro",
    "price": "1.84",
    "price_2": "1,84€/vnt.",
    "extra_info": "–50%"
  },
  {
    "image_url": "https://cdn.barbora.lt/products/2b2101e3-79a0-4851-b244-e580d2e784e8_m.png",
    "title": "Moteriškos pėdkelnės  ORI Cristal20, 4,neutro",
    "price": "1.84",
    "price_2": "1,84€/vnt.",
    "extra_info": "–50%"
  },
  {
    "image_url": "https://cdn.barbora.lt/products/b22de6f1-5770-4be8-bf78-223ec5fd4f89_m.png",
    "title": "Moteriškos pėdkelnės  ORI Cristal20, 5,neutro",
    "price": "1.84",
    "price_2": "1,84€/vnt.",
    "extra_info": "–50%"
  },
  {
    "image_url": "https://cdn.barbora.lt/products/e2714920-081a-466d-af47-104ac1490917_m.png",
    "title": "Moteriškos kojinaitės ORI Balerina Cot, 39-42,nero",
    "price": "2.49",
    "price_2": "2,49€/vnt.",
    "extra_info": "–50%"
  },
  {
    "image_url": "https://cdn.barbora.lt/products/dcf9e1ea-9202-471f-9295-9b3f33bfd718_m.png",
    "title": "L'Oréal Paris Preference Plaukų dažai  8.23 SANTORINI",
    "price": "8.75",
    "price_2": "8,75€/vnt.",
    "extra_info": "–35%"
  },
  {
    "image_url": "https://cdn.barbora.lt/products/c21e38cc-3acc-4b8a-a527-0a48efef6c24_m.png",
    "title": "Plaukų vaškas WELLA SHOCKWAVES INDIE, 75 ml",
    "price": "4.59",
    "price_2": null,
    "extra_info": "2 ar daugiau su –40%"
  },
  {
    "image_url": "https://cdn.barbora.lt/products/1e62e8ed-d964-4f8d-a764-245379a281a4_m.png",
    "title": "Sintetinė alyva SHELL HELIX HX8 5W-30, 1 l",
    "price": "14.99",
    "price_2": null,
    "extra_info": "2 ar daugiau su –40%"
  },
  {
    "image_url": "https://cdn.barbora.lt/products/7ac44e49-99c5-4aaf-8a62-5aab692448a6_m.png",
    "title": "PALETTE DELUXE plaukų dažai 10-91 (10-55) šaltas pilkšvai šviesus",
    "price": "7.79",
    "price_2": null,
    "extra_info": "2 ar daugiau su –40%"
  },
  {
    "image_url": "https://cdn.barbora.lt/products/fa0615b7-144c-4816-ab9d-79730914adae_m.png",
    "title": "Moteriškos kojinaitės IMMAGINE Italiana Lina20(2p.), universalus,nero",
    "price": "1.14",
    "price_2": "0,57€/vnt.",
    "extra_info": "–50%"
  },
  {
    "image_url": "https://cdn.barbora.lt/products/4f43b65e-c45f-4154-b9ed-66db445cb8cc_m.png",
    "title": "Moteriškos kojinaitės IMMAGINE Italiana Lina20(2p.), uni,neutro",
    "price": "1.14",
    "price_2": "0,57€/vnt.",
    "extra_info": "–50%"
  },
  {
    "image_url": "https://cdn.barbora.lt/products/10a75eb9-a924-42c5-b3fc-74d69e9306a6_m.png",
    "title": "Moteriškos puskojinės IMMAGINE Italiana Olivia20(2p.), universalus,visone",
    "price": "1.44",
    "price_2": "0,72€/vnt.",
    "extra_info": "–50%"
  },
  {
    "image_url": "https://cdn.barbora.lt/products/a60aa754-078d-4a57-b863-f692e487c278_m.png",
    "title": "Vaikiškos kojinės SUNNY SIDE, 34-36, 3 poros, 3 vnt.",
    "price": "4.01",
    "price_2": "1,34€/vnt.",
    "extra_info": "–40%"
  },
  {
    "image_url": "https://cdn.barbora.lt/products/10a86290-aadb-4700-8ba2-388994c022ec_m.png",
    "title": "Automobilio stiklo valytuvas BOSCH AEROECO be rėmo, 53 cm, 1 vnt.",
    "price": "9.99",
    "price_2": null,
    "extra_info": "2 ar daugiau su –40%"
  },
  {
    "image_url": "https://cdn.barbora.lt/products/0f824ccc-e6d9-4dc3-b4f0-9bcab5ebbcef_m.png",
    "title": "NIVEA MicellAIR Skin Breathe veido, akių ir lūpų srities micelinis vanduo su rožių vandeniu, 400 ml",
    "price": "4.79",
    "price_2": "11,98€/l",
    "extra_info": "–50%"
  },
  {
    "image_url": "https://cdn.barbora.lt/products/7186ce50-c566-45ad-a651-6f7e63477a35_m.png",
    "title": "Moteriškos puskojinės IMMAGINE LINA 40, vienas dydis, 2 vnt., 2 vnt.",
    "price": "1.24",
    "price_2": "0,62€/vnt.",
    "extra_info": "–50%"
  },
  {
    "image_url": "https://cdn.barbora.lt/products/41c757e7-477c-40d9-88d0-f9289882d35b_m.png",
    "title": "Dažai COLOR NATURALS N°4.62 Sw.Cherry, 1 vnt.",
    "price": "4.99",
    "price_2": null,
    "extra_info": "2 ar daugiau su –40%"
  },
  {
    "image_url": "https://cdn.barbora.lt/products/5113feeb-ccff-4e9c-9f23-1e80124cede3_m.png",
    "title": "Automobilių oro gaiviklis AREON PREMIUM GOLD AMBER, 1 vnt.",
    "price": "1.79",
    "price_2": null,
    "extra_info": "2 ar daugiau su –40%"
  },
  {
    "image_url": "https://cdn.barbora.lt/products/d9bdf0fd-b61f-48af-adeb-d714819e8fec_m.png",
    "title": "Plaukų dažai L'OREAL CASTING CREME GLOSS, Nr. 4102, 1 vnt.",
    "price": "10.59",
    "price_2": null,
    "extra_info": "2 ar daugiau su –40%"
  },
  {
    "image_url": "https://cdn.barbora.lt/products/19690e41-778f-41b5-9bdb-5a492953eb76_m.png",
    "title": "Plaukų dažai L'OREAL CASTING CREME GLOSS, Nr. 3102, 1 vnt.",
    "price": "10.59",
    "price_2": null,
    "extra_info": "2 ar daugiau su –40%"
  },
  {
    "image_url": "https://cdn.barbora.lt/products/df0618da-5704-481b-9888-febef26d6ba0_m.png",
    "title": "Dažomasis plaukų kremas PALETTE DELUXE, Nr. U71, 1 vnt.",
    "price": "7.79",
    "price_2": null,
    "extra_info": "2 ar daugiau su –40%"
  },
  {
    "image_url": "https://cdn.barbora.lt/products/6cd8ad69-6b14-4ab9-a1d0-f47b6a646baa_m.png",
    "title": "Plaukų dažai GLISS COLOR, Nr. 1-0, 1 vnt.",
    "price": "8.99",
    "price_2": null,
    "extra_info": "2 ar daugiau su –40%"
  },
  {
    "image_url": "https://cdn.barbora.lt/products/9c2dd47c-5a65-47ab-8d3d-561b3422ff63_m.png",
    "title": "Garnier Color Naturals 4.12, ledinė ruda.",
    "price": "4.99",
    "price_2": null,
    "extra_info": "2 ar daugiau su –40%"
  },
  {
    "image_url": "https://cdn.barbora.lt/products/79ead9aa-57c4-4ba2-893b-8b215722a3bf_m.png",
    "title": "Plaukų šampūnas GARNIER FRUCTIS HAIR FOOD ALOE, 350 ml",
    "price": "6.99",
    "price_2": null,
    "extra_info": "2 ar daugiau su –40%"
  },
  {
    "image_url": "https://cdn.barbora.lt/products/9d439493-4d76-4f35-bbd5-0100533936da_m.png",
    "title": "Vaikiškos kojinės FRIENDS , 8306,25–27,įv.sp.,3 poros",
    "price": "4.19",
    "price_2": "1,4€/vnt.",
    "extra_info": "–40%"
  },
  {
    "image_url": "https://cdn.barbora.lt/products/0e636fb2-c00c-47cb-8626-f6cc68a5ef8e_m.png",
    "title": "Vaikiškos kojinės FRIENDS , 8306,34–36,įv.sp.,3 poros",
    "price": "4.19",
    "price_2": "1,4€/vnt.",
    "extra_info": "–40%"
  },
  {
    "image_url": "https://cdn.barbora.lt/products/aff30fea-f326-4c71-9c75-4e3dc2265788_m.png",
    "title": "Vaikiškos kojinės FRIENDS , 8306,37–40,įv.sp.,3 poros",
    "price": "4.19",
    "price_2": "1,4€/vnt.",
    "extra_info": "–40%"
  },
  {
    "image_url": "https://cdn.barbora.lt/products/ddb39c8b-3b3d-4194-8be8-3c500465715a_m.png",
    "title": "Atominis metalo kondicionierius TUNING",
    "price": "31.99",
    "price_2": null,
    "extra_info": "2 ar daugiau su –40%"
  },
  {
    "image_url": "https://cdn.barbora.lt/products/6e3cb254-f70f-4ec7-bfab-81515905518d_m.png",
    "title": "Salono apdailos ir liečiamų ekranų valiklis, 500 ml",
    "price": "3.49",
    "price_2": null,
    "extra_info": "2 ar daugiau su –40%"
  },
  {
    "image_url": "https://cdn.barbora.lt/products/c8d39b01-49b6-4326-9fd1-eaa5fb3db29d_m.png",
    "title": "Automobilių oro gaiviklis AMBI PUR OLD SPICE, 2 ml",
    "price": "5.99",
    "price_2": null,
    "extra_info": "2 ar daugiau su –40%"
  },
  {
    "image_url": "https://cdn.barbora.lt/products/d8b76ab0-019c-43a4-864a-918fa0ab3954_m.png",
    "title": "Automobilių oro gaiviklis AREON PREMIUM BLUE CRYSTAL, 1 vnt.",
    "price": "1.79",
    "price_2": null,
    "extra_info": "2 ar daugiau su –40%"
  },
  {
    "image_url": "https://cdn.barbora.lt/products/c7b88d3b-a052-4592-81d1-564f9a5f24c0_m.png",
    "title": "Moteriškos pėdkelnė ORI SENSUAL 70d NERO 2 dydis",
    "price": "2.49",
    "price_2": "2,49€/vnt.",
    "extra_info": "–50%"
  },
  {
    "image_url": "https://cdn.barbora.lt/products/8bca05d8-5f17-452a-b3f4-972d162c11ff_m.png",
    "title": "Moteriškos pėdkelnėsORI SENSUAL 70d, NERO 3 dydis",
    "price": "2.49",
    "price_2": "2,49€/vnt.",
    "extra_info": "–50%"
  },
  {
    "image_url": "https://cdn.barbora.lt/products/16d567da-19d0-4f4f-b8f5-755fff4f5814_m.png",
    "title": "Oro gaiviklis LITTLE JOE MINI, vanilės kvapo, 1 vnt.",
    "price": "3.99",
    "price_2": null,
    "extra_info": "2 ar daugiau su –40%"
  },
  {
    "image_url": "https://cdn.barbora.lt/products/86faded4-1a8d-4309-9650-05a7496e3924_m.png",
    "title": "Oro gaiviklis LITTLE JOE MINI, vaisių kvapo, 1 vnt.",
    "price": "3.99",
    "price_2": null,
    "extra_info": "2 ar daugiau su –40%"
  },
  {
    "image_url": "https://cdn.barbora.lt/products/f5b8c2ac-f44e-44e8-b2fd-3e9389977d32_m.png",
    "title": "Bambukinis dantų šepetėlis ECODENTA, vidutinio minkštumo",
    "price": "3.99",
    "price_2": null,
    "extra_info": "2 ar daugiau su –40%"
  },
  {
    "image_url": "https://cdn.barbora.lt/products/467c8649-b6ef-4a0e-84bf-38c18682280b_m.png",
    "title": "Veido šveitiklis NEUTROGENA CLEAR&DEFEND, 150 ml",
    "price": "5.89",
    "price_2": "39,26€/l",
    "extra_info": "–30%"
  },
  {
    "image_url": "https://cdn.barbora.lt/products/1f2db105-dc2f-4bcb-b1fc-b78fc2c40748_m.png",
    "title": "Automobilių oro gaiviklis LITTLE JOE MINI OCEAN SPLASH, 1 vnt.",
    "price": "3.99",
    "price_2": null,
    "extra_info": "2 ar daugiau su –40%"
  },
  {
    "image_url": "https://cdn.barbora.lt/products/fd1ce7cd-b3f5-4e38-a9e5-060a8a381067_m.png",
    "title": "Antklodė DORMEO ALOE VERA LIGHT (200 x 200 cm), 1 vnt.",
    "price": "69.99",
    "price_2": null,
    "extra_info": "2 ar daugiau su –40%"
  },
  {
    "image_url": "https://cdn.barbora.lt/products/a0370b8b-b82d-4da8-bbba-815738670831_m.png",
    "title": "Vaikiškos pusilgės kojinės PUMA, 3 poros, 31-34 d., 3 vnt.",
    "price": "8.99",
    "price_2": null,
    "extra_info": "2 ar daugiau su –40%"
  },
  {
    "image_url": "https://cdn.barbora.lt/products/200545d7-4d58-4ce4-9ec9-a378ccba96d8_m.png",
    "title": "Vaikiškos pusilgės kojinės PUMA, 3 poros, 35-38 d., 3 vnt.",
    "price": "8.99",
    "price_2": null,
    "extra_info": "2 ar daugiau su –40%"
  },
  {
    "image_url": "https://cdn.barbora.lt/products/a68515a6-650d-4022-a2b5-a02dc6af9079_m.png",
    "title": "Vaikiškos sportinės kojinės, PUMA, 3 poros, 27–30 dydis",
    "price": "7.99",
    "price_2": null,
    "extra_info": "2 ar daugiau su –40%"
  },
  {
    "image_url": "https://cdn.barbora.lt/products/a07eace6-fa8a-499c-87d3-9abf0716adf9_m.png",
    "title": "Oro gaiviklis LITTLE JOE I LOVE LITHUANIA, 1 vnt.",
    "price": "4.99",
    "price_2": null,
    "extra_info": "2 ar daugiau su –40%"
  },
  {
    "image_url": "https://cdn.barbora.lt/products/e09fd70f-c503-4e9c-b1ad-525d5648a38b_m.png",
    "title": "Plaukų dažai L'OREAL EXCELLENCE UNIVERSAL NUDES, Nr. 6U, 1 vnt.",
    "price": "7.09",
    "price_2": "7,09€/vnt.",
    "extra_info": "–35%"
  },
  {
    "image_url": "https://cdn.barbora.lt/products/7d8abca1-6685-40e3-90aa-760ed7648f16_m.png",
    "title": "Plaukų dažai L'OREAL EXCELLENCE UNIVERSAL NUDES, Nr. 7U, 1 vnt.",
    "price": "7.09",
    "price_2": "7,09€/vnt.",
    "extra_info": "–35%"
  },
  {
    "image_url": "https://cdn.barbora.lt/products/2bd1b832-6481-4ba5-84df-e32bc0468c4a_m.png",
    "title": "Burnos skalavimo skystis LISTERINE NATURAL GUM PROTECTION, 500 ml",
    "price": "8.49",
    "price_2": null,
    "extra_info": "2 ar daugiau su –40%"
  },
  {
    "image_url": "https://cdn.barbora.lt/products/1f8fceaa-a81c-4df2-94d6-7fcba5df3c3d_m.png",
    "title": "Plaukų dažai GLISS COLOR 10-0",
    "price": "8.99",
    "price_2": null,
    "extra_info": "2 ar daugiau su –40%"
  },
  {
    "image_url": "https://cdn.barbora.lt/products/bc5d6552-4e82-4b07-b095-3bcb4499988c_m.png",
    "title": "Dantų pasta JORDAN LIQURICE MINT, 50 ml",
    "price": "3.49",
    "price_2": null,
    "extra_info": "2 ar daugiau su –40%"
  },
  {
    "image_url": "https://cdn.barbora.lt/products/286da318-3b6c-470a-8944-1b5dece7e7dc_m.png",
    "title": "JORDAN Green Clean Change dantų šepetėlis, 4 vnt. galvučių, minkštas",
    "price": "6.99",
    "price_2": null,
    "extra_info": "2 ar daugiau su –40%"
  },
  {
    "image_url": "https://cdn.barbora.lt/products/401ac924-fed7-42be-acad-086897f25a35_m.png",
    "title": "Dieninis veido kremas NEUTROGENA RETINOL BOOST SPF15, 50 ml",
    "price": "16.65",
    "price_2": "333€/l",
    "extra_info": "–30%"
  },
  {
    "image_url": "https://cdn.barbora.lt/products/2b7dd9cd-ea5a-4498-b262-cb1e29c72d5c_m.png",
    "title": "Naktinis veido kremas NEUTROGENA RETINOL BOOST, 50 ml",
    "price": "16.65",
    "price_2": "333€/l",
    "extra_info": "–30%"
  },
  {
    "image_url": "https://cdn.barbora.lt/products/c6ad1c92-437f-4cd7-98ff-4018ecde77ad_m.png",
    "title": "Veido serumas NEUTROGENA CLEAR&DEFEND, 30 ml",
    "price": "7.69",
    "price_2": "256,33€/l",
    "extra_info": "–30%"
  },
  {
    "image_url": "https://cdn.barbora.lt/products/d9833657-f6a5-419f-acad-db4651f63984_m.png",
    "title": "Vyriškos kojinės FRIENDS, 6314,43–46, 2 poros",
    "price": "4.19",
    "price_2": "2,1€/vnt.",
    "extra_info": "–40%"
  },
  {
    "image_url": "https://cdn.barbora.lt/products/bf9dc8be-109e-4eea-831a-71d3e561ba6f_m.png",
    "title": "Plaukų kondicionierius GARNIER BOTANIC, 200 ml",
    "price": "4.99",
    "price_2": null,
    "extra_info": "2 ar daugiau su –40%"
  },
  {
    "image_url": "https://cdn.barbora.lt/products/c7075737-8516-46e9-b678-cf6b93c5fe44_m.png",
    "title": "Plaukų kaukė GARNIER BOTANIC , 340 ml",
    "price": "7.99",
    "price_2": null,
    "extra_info": "2 ar daugiau su –40%"
  },
  {
    "image_url": "https://cdn.barbora.lt/products/28dde910-30ec-4e09-b1f1-acbe96170930_m.png",
    "title": "Plaukų kaukė GARNIER FRUCTIS, 320 ml",
    "price": "8.99",
    "price_2": null,
    "extra_info": "2 ar daugiau su –40%"
  },
  {
    "image_url": "https://cdn.barbora.lt/products/68011cdc-c967-4ab1-b9b5-43a28d912546_m.png",
    "title": "Moterišk. pėdkelnės IMMAGINE TUTO NUDO NATURE, 20 den., 3 d., 1 vnt.",
    "price": "1.99",
    "price_2": "1,99€/vnt.",
    "extra_info": "–50%"
  },
  {
    "image_url": "https://cdn.barbora.lt/products/d599675e-3866-43f5-8b05-082c61588aba_m.png",
    "title": "Moteriškos pėdkelnės IMMAGINE TUTO NUDO NATURE, 20 den.,4 d., 1 vnt.",
    "price": "1.99",
    "price_2": "1,99€/vnt.",
    "extra_info": "–50%"
  },
  {
    "image_url": "https://cdn.barbora.lt/products/e4fee34e-8c3b-4252-aa72-67ddd766d2e7_m.png",
    "title": "Veido serumas NEUTROGENA HYDRO BOOST, 15 ml",
    "price": "15.39",
    "price_2": "1026€/l",
    "extra_info": "–30%"
  },
  {
    "image_url": "https://cdn.barbora.lt/products/004d17b7-d99b-415a-b2ba-ae5b4872af09_m.png",
    "title": "Moteriškos pėdkelnės IMMAGINE TUTO NUDO 20 NEUTRO 3 d., 1 vnt.",
    "price": "1.99",
    "price_2": "1,99€/vnt.",
    "extra_info": "–50%"
  },
  {
    "image_url": "https://cdn.barbora.lt/products/c9a486c5-5015-4d9c-a662-59547394e657_m.png",
    "title": "Moteriškos pėdkelnės IMMAGINE TUTO NUDO 20 NEUTRO 4 d., 1 vnt.",
    "price": "1.99",
    "price_2": "1,99€/vnt.",
    "extra_info": "–50%"
  },
  {
    "image_url": "https://cdn.barbora.lt/products/fe147ab4-9268-4801-b1dc-4794248137d2_m.png",
    "title": "Vyriškas purškiamasis dezodorantas REXONA COBALT DRY, 200 ml",
    "price": "2.99",
    "price_2": "14,95€/l",
    "extra_info": "–50%"
  },
  {
    "image_url": "https://cdn.barbora.lt/products/18502b7c-81bc-4c72-8880-246991e8f3ee_m.png",
    "title": "Plaukų šampūnas OLAPLEX Nr.4P,250ml",
    "price": "29.99",
    "price_2": null,
    "extra_info": "2 ar daugiau su –40%"
  },
  {
    "image_url": "https://cdn.barbora.lt/products/7c685fa9-a488-4a02-9a26-54ebcc5233af_m.png",
    "title": "Plaukų aliejus OLAPLEX Nr.7,30ml",
    "price": "29.99",
    "price_2": null,
    "extra_info": "2 ar daugiau su –40%"
  },
  {
    "image_url": "https://cdn.barbora.lt/products/d59dfcad-69be-4ab0-83f1-730d978c2c0d_m.png",
    "title": "Plaukų dažai SYOSS COLOR, Nr. 7-1, 1 vnt.",
    "price": "8.99",
    "price_2": null,
    "extra_info": "2 ar daugiau su –40%"
  },
  {
    "image_url": "https://cdn.barbora.lt/products/ae18759d-67ae-440b-8413-f5a07c9e4af5_m.png",
    "title": "Palette ICC plaukų dažai 7-77 RYŠKI VARINĖ",
    "price": "5.49",
    "price_2": null,
    "extra_info": "2 ar daugiau su –40%"
  },
  {
    "image_url": "https://cdn.barbora.lt/products/115ef071-a136-4b18-826f-b3ad15ba869e_m.png",
    "title": "Moteriškos pėdkelnės IMG ONLY 70 bronzo 2 dydis",
    "price": "2.34",
    "price_2": "2,34€/vnt.",
    "extra_info": "–50%"
  },
  {
    "image_url": "https://cdn.barbora.lt/products/83f0dfab-bcb6-412b-b87f-ba5a59eb89e8_m.png",
    "title": "Moteriškos pėdkelnės IMG RELAX 50 NEUTRO 2 dydis",
    "price": "2.49",
    "price_2": "2,49€/vnt.",
    "extra_info": "–50%"
  },
  {
    "image_url": "https://cdn.barbora.lt/products/81d8e1d4-fed9-4676-bdfa-196a112dcdaa_m.png",
    "title": "Dantų pasta PEARL DROPS LUMINOUS BRIGHT, 75 ml",
    "price": "4.99",
    "price_2": null,
    "extra_info": "2 ar daugiau su –40%"
  },
  {
    "image_url": "https://cdn.barbora.lt/products/cc80bd00-3691-4b65-89af-cd76a8bb352d_m.png",
    "title": "Moteriškos pėdkelnės IMMAGINE RELAX 70d NERO 2 dydis",
    "price": "2.64",
    "price_2": "2,64€/vnt.",
    "extra_info": "–50%"
  },
  {
    "image_url": "https://cdn.barbora.lt/products/813bc9fc-8d69-4ddd-9234-d1b74820d9ed_m.png",
    "title": "Moteriškos pėdkelnės IMMAGINE RELAX 70d ANTRACITE 5 dydis",
    "price": "2.64",
    "price_2": "2,64€/vnt.",
    "extra_info": "–50%"
  },
  {
    "image_url": "https://cdn.barbora.lt/products/e8dd8680-0503-4ebb-9c35-d4b72699e4ca_m.png",
    "title": "Moteriškos pėdkelnės MICRO CHANCE 3D 200 NERO 2 dydis",
    "price": "3.94",
    "price_2": "3,94€/vnt.",
    "extra_info": "–50%"
  },
  {
    "image_url": "https://cdn.barbora.lt/products/ff36e430-5149-4fc7-b5af-9a6441195ce7_m.png",
    "title": "Moteriškos pėdkelnės IMMAGINE RELAX 70d ANTRACITE 4 dydis",
    "price": "2.64",
    "price_2": "2,64€/vnt.",
    "extra_info": "–50%"
  },
  {
    "image_url": "https://cdn.barbora.lt/products/415d1726-b79a-48ca-a15b-aa1f5a061654_m.png",
    "title": "Moteriškos pėdkelnės ORI MIRACLE NERO, 3 dydis, 40 denų, 1 vnt.",
    "price": "4.49",
    "price_2": "4,49€/vnt.",
    "extra_info": "–50%"
  },
  {
    "image_url": "https://cdn.barbora.lt/products/456f4568-82c2-4d21-8e8c-4e6916f8e42f_m.png",
    "title": "Moteriškos pėdkelnės ORI MIRACLE NEUTRO, 4 dydis, 40 denų, 1 vnt.",
    "price": "4.49",
    "price_2": "4,49€/vnt.",
    "extra_info": "–50%"
  },
  {
    "image_url": "https://cdn.barbora.lt/products/846b882f-e4cc-4f5f-9c0a-423b2758a770_m.png",
    "title": "Elektrinis dantų šepetėlis ORAL-B Vitality Pro, Lilac, 1 vnt.",
    "price": "45.99",
    "price_2": null,
    "extra_info": "2 ar daugiau su –40%"
  },
  {
    "image_url": "https://cdn.barbora.lt/products/ae22ddfc-d2ec-4344-8f76-9e773b962c44_m.png",
    "title": "Vyriškos sportinės kojinės FRIENDS, 6317,39–42,balt.2 poros",
    "price": "4.19",
    "price_2": "2,1€/vnt.",
    "extra_info": "–40%"
  },
  {
    "image_url": "https://cdn.barbora.lt/products/bba9bf16-3dd4-424e-a7c9-c9137abe88eb_m.png",
    "title": "Satino patalynės komplektas, 150 x 200 cm, 50 x 70 cm, 1 vnt.",
    "price": "29.99",
    "price_2": null,
    "extra_info": "2 ar daugiau su –40%"
  },
  {
    "image_url": "https://cdn.barbora.lt/products/bda237e8-e677-4c4d-81df-eb24a938f6f8_m.png",
    "title": "Vaikiškas dantų šepetėlis COLGATE CUSHION CLEAN5+, 1 vnt.",
    "price": "5.99",
    "price_2": null,
    "extra_info": "2 ar daugiau su –40%"
  },
  {
    "image_url": "https://cdn.barbora.lt/products/0946d6b1-4967-44ad-9a66-4c573f16d551_m.png",
    "title": "XADO Atomic Oil variklinė alyva 5W-40 C3 RED BOOST (skardinė 5L)",
    "price": "72.99",
    "price_2": null,
    "extra_info": "2 ar daugiau su –40%"
  },
  {
    "image_url": "https://cdn.barbora.lt/products/8b96801a-af38-4fe2-a5c9-a570455b83a0_m.png",
    "title": "Automobilių oro gaiviklis ROTZ VANILLA, 1 vnt.",
    "price": "2.49",
    "price_2": null,
    "extra_info": "2 ar daugiau su –40%"
  },
  {
    "image_url": "https://cdn.barbora.lt/products/5f1e2287-c3eb-4022-923f-241574685163_m.png",
    "title": "Automobilių oro gaiviklis ROTZ CALMING FRESH",
    "price": "1.79",
    "price_2": null,
    "extra_info": "2 ar daugiau su –40%"
  },
  {
    "image_url": "https://cdn.barbora.lt/products/937f2357-0fad-4b5e-a9d7-ea39a877478e_m.png",
    "title": "Plaukų kondicionierius MAUI su kokosų pienu, 385ml",
    "price": "13.99",
    "price_2": null,
    "extra_info": "2 ar daugiau su –40%"
  },
  {
    "image_url": "https://cdn.barbora.lt/products/877a03d1-c67b-4a90-ab88-e1cab177e977_m.png",
    "title": "Plaukų kaukė MAUI su taukmedžio sviestu, 400ml",
    "price": "13.99",
    "price_2": null,
    "extra_info": "2 ar daugiau su –40%"
  },
  {
    "image_url": "https://cdn.barbora.lt/products/493d3924-02e1-4d2e-a315-a22f1e3c7131_m.png",
    "title": "Drėkinamasis veido gelis NEUTROGENA CLEAR & DEFEND, 125 ml",
    "price": "7.69",
    "price_2": "61,52€/l",
    "extra_info": "–30%"
  },
  {
    "image_url": "https://cdn.barbora.lt/products/2cce0cc7-4a64-440d-971f-931a3604c99c_m.png",
    "title": "AREON WILD PROFESSOR auto gaiviklis",
    "price": "1.29",
    "price_2": null,
    "extra_info": "2 ar daugiau su –40%"
  },
  {
    "image_url": "https://cdn.barbora.lt/products/a8c98057-9d1c-4dec-bc5e-083fa63f3bd5_m.png",
    "title": "Plaukų šampūnas FAITH IN NATURE LEVANDER&GERANIUM, 400 ml",
    "price": "6.29",
    "price_2": "15,73€/l",
    "extra_info": "–30%"
  },
  {
    "image_url": "https://cdn.barbora.lt/products/f7922440-4949-417c-9af9-e45b8528f794_m.png",
    "title": "Plaukų šampūnas FAITH IN NATURE GRAPEFRUIT&ORANGE, 400 ml",
    "price": "6.29",
    "price_2": "15,73€/l",
    "extra_info": "–30%"
  },
  {
    "image_url": "https://cdn.barbora.lt/products/4fc4ebf5-0bab-47b5-9637-e3869d133c9c_m.png",
    "title": "Plaukų šampūnas HEAD&SHOULDERS Men Ultra Total Care, 330 ml",
    "price": "9.29",
    "price_2": null,
    "extra_info": "2 ar daugiau su –40%"
  },
  {
    "image_url": "https://cdn.barbora.lt/products/60079a46-9ba6-4068-b892-6ea31ce715ad_m.png",
    "title": "Plaukų šampūnas HEAD&SHOULDERS Menthol 2in1, 330 ml",
    "price": "8.49",
    "price_2": null,
    "extra_info": "2 ar daugiau su –40%"
  },
  {
    "image_url": "https://cdn.barbora.lt/products/ec3cd970-1e39-47dd-a97f-1f906bfbe537_m.png",
    "title": "Plaukų šampūnas HEAD&SHOULDERS Men Ultra Old Spice, 330 ml",
    "price": "9.29",
    "price_2": null,
    "extra_info": "2 ar daugiau su –40%"
  },
  {
    "image_url": "https://cdn.barbora.lt/products/31840242-d446-4340-b903-8d90f0365bc0_m.png",
    "title": "XADO Atomic Oil variklinė alyva 5W-40 C3 RED BOOST (skardinė 1L)",
    "price": "17.49",
    "price_2": null,
    "extra_info": "2 ar daugiau su –40%"
  },
  {
    "image_url": "https://cdn.barbora.lt/products/0c0f8e82-9587-4f6a-a4ac-55e251b2e77c_m.png",
    "title": "Lazdelės su dvigubu šokolado glaistu POCKY, 47 g",
    "price": "2.59",
    "price_2": null,
    "extra_info": "2 ar daugiau su –25%"
  },
  {
    "image_url": "https://cdn.barbora.lt/products/8749169b-c221-4a92-9f19-fe10c1c9a87b_m.png",
    "title": "Plaukų šampūnas HEAD&SHOULDERS DEEP HYDRATION, 500 ml",
    "price": "9.59",
    "price_2": null,
    "extra_info": "2 ar daugiau su –40%"
  },
  {
    "image_url": "https://cdn.barbora.lt/products/f2606c97-3816-4b61-989f-6aa24c615497_m.png",
    "title": "Higieniniai įklotai CAREFREE COTTON FRESH, 20 vnt.",
    "price": "1.65",
    "price_2": "0,08€/vnt.",
    "extra_info": "–31%"
  },
  {
    "image_url": "https://cdn.barbora.lt/products/7570f213-5e52-4ec4-a0ce-fba25e266ad2_m.png",
    "title": "Garnier Color Naturals 8.13, natūrali šviesi blondinė.",
    "price": "4.99",
    "price_2": null,
    "extra_info": "2 ar daugiau su –40%"
  },
  {
    "image_url": "https://cdn.barbora.lt/products/cc12f9b0-ad9f-483c-92dc-4d729b609bd5_m.png",
    "title": "RAPID WHITE „White+Booster Strong“ dantų pasta, 75 ml",
    "price": "11.99",
    "price_2": null,
    "extra_info": "2 ar daugiau su –40%"
  },
  {
    "image_url": "https://cdn.barbora.lt/products/1ae8c692-2e9a-4cdb-a356-7cd39f44d427_m.png",
    "title": "Veido fluidas NIVEA LUMINOUS630CC MEDIUM, 40 ml",
    "price": "12.49",
    "price_2": "312,25€/l",
    "extra_info": "–50%"
  },
  {
    "image_url": "https://cdn.barbora.lt/products/c797225a-fac6-43ac-8ac7-dfe1742dfa86_m.png",
    "title": "LACALT FIX MINT lipnus protezų kremas",
    "price": "4.49",
    "price_2": "112,25€/kg",
    "extra_info": "–36%"
  },
  {
    "image_url": "https://cdn.barbora.lt/products/b7cf7632-f7e4-4105-a9ee-eb1d7dcdda4b_m.png",
    "title": "Plaukų purškiamoji dulksna OGX su argano aliejumi, 118 ml",
    "price": "14.99",
    "price_2": null,
    "extra_info": "2 ar daugiau su –40%"
  },
  {
    "image_url": "https://cdn.barbora.lt/products/73ef040b-4442-40a8-a18a-016de25f4676_m.png",
    "title": "Plaukų šampūnas HEAD&SHOULDERS Citrus 2in1, 330ml",
    "price": "8.49",
    "price_2": null,
    "extra_info": "2 ar daugiau su –40%"
  },
  {
    "image_url": "https://cdn.barbora.lt/products/3f616ac6-b839-4156-afaf-49fd21b3ae98_m.png",
    "title": "Bevielis telefono įkroviklis-laikiklis HAVIT 3034, 1 vnt.",
    "price": "29.99",
    "price_2": null,
    "extra_info": "2 ar daugiau su –40%"
  },
  {
    "image_url": "https://cdn.barbora.lt/products/f70b7ac2-f2b3-4820-81d2-fd273a899b42_m.png",
    "title": "AREON XPERIENCE BUBBLEGUM AUTO GAIVIKLIS",
    "price": "3.99",
    "price_2": null,
    "extra_info": "2 ar daugiau su –40%"
  },
  {
    "image_url": "https://cdn.barbora.lt/products/980a9908-eed6-4b7f-98c3-81f51ac364eb_m.png",
    "title": "AREON XPERIENCE VANILLA AUTO GAIVIKLIS",
    "price": "3.99",
    "price_2": null,
    "extra_info": "2 ar daugiau su –40%"
  },
  {
    "image_url": "https://cdn.barbora.lt/products/977f5aad-fc01-4acc-bc4c-238440759ba1_m.png",
    "title": "Plaukų dažai GARNIER OLIA, Nr. 7.40, 1 vnt.",
    "price": "9.49",
    "price_2": null,
    "extra_info": "2 ar daugiau su –40%"
  },
  {
    "image_url": "https://cdn.barbora.lt/products/b241d600-d3d9-46f3-b856-0a5c603345bd_m.png",
    "title": "Plaukų dažai GARNIER OLIA, Nr. 6.60, 1 vnt.",
    "price": "9.49",
    "price_2": null,
    "extra_info": "2 ar daugiau su –40%"
  },
  {
    "image_url": "https://cdn.barbora.lt/products/408b640a-5b95-4c65-b64d-cfecb5f0f0ab_m.png",
    "title": "PALETTE DELUXE pl. dažai 5-68 Aukso kaštoninis",
    "price": "7.79",
    "price_2": null,
    "extra_info": "2 ar daugiau su –40%"
  },
  {
    "image_url": "https://cdn.barbora.lt/products/28c5ae8d-07be-4b9d-b9a6-46641e1f8712_m.png",
    "title": "Plaukų šampūnas PANTENE Thick&Strong Active Nutri-Plex, 400 ml",
    "price": "6.99",
    "price_2": null,
    "extra_info": "2 ar daugiau su –40%"
  },
  {
    "image_url": "https://cdn.barbora.lt/products/08d8889f-6740-40ae-b0d7-7f160806f790_m.png",
    "title": "Kūno balzamas NEUTROGENA ULTRA NOIRISHING, 300 ml",
    "price": "6.15",
    "price_2": "20,5€/l",
    "extra_info": "–30%"
  },
  {
    "image_url": "https://cdn.barbora.lt/products/2d1f4484-a2a4-4dbf-a25c-86850f1087e6_m.png",
    "title": "TaftxGliss glotninamasis kremas \"Sleeky Smooth\" 150ml Naujiena",
    "price": "7.49",
    "price_2": null,
    "extra_info": "2 ar daugiau su –40%"
  },
  {
    "image_url": "https://cdn.barbora.lt/products/27bdb380-03dc-4014-8035-54a1201d85bc_m.png",
    "title": "Moteriškos pėdkelnės IMMAGINE Italiana art. LEA 20 NERO 3 d.",
    "price": "1.49",
    "price_2": "1,49€/vnt.",
    "extra_info": "–50%"
  },
  {
    "image_url": "https://cdn.barbora.lt/products/1700e6dd-3675-49dc-bf2e-0cc6164a2090_m.png",
    "title": "Moteriškos pėdkelnės IMMAGINE Italiana art. LEA 20 VISONE 5 d.",
    "price": "1.49",
    "price_2": "1,49€/vnt.",
    "extra_info": "–50%"
  },
  {
    "image_url": "https://cdn.barbora.lt/products/10d21fae-eaae-43eb-b8c6-354778f5fcb9_m.png",
    "title": "Moteriškos pėdkelnės IMMAGINE Italiana art. LEA 20 NERO 4 d.",
    "price": "1.49",
    "price_2": "1,49€/vnt.",
    "extra_info": "–50%"
  },
  {
    "image_url": "https://cdn.barbora.lt/products/df8b6906-9e06-4f67-b610-64b75c9e87e2_m.png",
    "title": "Moteriškos pėdkelnės ORI CROSS UP BODY 40, 3 dydis, d.gray",
    "price": "3.49",
    "price_2": "3,49€/vnt.",
    "extra_info": "–50%"
  },
  {
    "image_url": "https://cdn.barbora.lt/products/17640196-3c21-462a-9db5-603b85c0fe9f_m.png",
    "title": "Moteriškos pėdkelnės ORI CROSS UP BODY 40, 4 dydis, d.gray",
    "price": "3.49",
    "price_2": "3,49€/vnt.",
    "extra_info": "–50%"
  },
  {
    "image_url": "https://cdn.barbora.lt/products/e3d9cbc8-2592-48ec-b625-5c9e7e53b689_m.png",
    "title": "Moteriškos pėdkelnės ORI CROSS UP BODY 40, 3 dydis, neutro",
    "price": "3.49",
    "price_2": "3,49€/vnt.",
    "extra_info": "–50%"
  },
  {
    "image_url": "https://cdn.barbora.lt/products/3822395b-3764-4cb1-af41-311d5cc09bf6_m.png",
    "title": "Moteriškos pėdkelnės ORI SUIT BODY 40 , 4 dydis, nero",
    "price": "3.79",
    "price_2": "3,79€/vnt.",
    "extra_info": "–50%"
  },
  {
    "image_url": "https://cdn.barbora.lt/products/5671526d-a2c1-4c0d-9ea5-036d138f70f0_m.png",
    "title": "Moteriškos pėdkelnės BEVERLY 50 NEW NERO, 4 dydis, 1 vnt.",
    "price": "3.79",
    "price_2": "3,79€/vnt.",
    "extra_info": "–50%"
  },
  {
    "image_url": "https://cdn.barbora.lt/products/889474e4-6381-40b8-86cf-7fd092c76548_m.png",
    "title": "Moteriškos pėdkelnės ORI SUIT BODY 40 , 3 dydis, neutro",
    "price": "3.79",
    "price_2": "3,79€/vnt.",
    "extra_info": "–50%"
  },
  {
    "image_url": "https://cdn.barbora.lt/products/56adf937-9b7a-41e3-b6bb-eb5ea5b9728d_m.png",
    "title": "Moteriškos pėdkelnės ORI ACTION 40 , 2 dydis, nero",
    "price": "3.49",
    "price_2": "3,49€/vnt.",
    "extra_info": "–50%"
  },
  {
    "image_url": "https://cdn.barbora.lt/products/dc0b7384-d0d4-493d-a04d-74d7ed62ffea_m.png",
    "title": "Moteriškos pėdkelnės ORI AURORA 60 , 5 dydis, nero",
    "price": "2.74",
    "price_2": "2,74€/vnt.",
    "extra_info": "–50%"
  },
  {
    "image_url": "https://cdn.barbora.lt/products/6b7582a1-8d87-43cb-b22e-7ab58cab4c15_m.png",
    "title": "Moteriškos pėdkelnės ORI AURORA 60 , 3 dydis, nero",
    "price": "2.74",
    "price_2": "2,74€/vnt.",
    "extra_info": "–50%"
  },
  {
    "image_url": "https://cdn.barbora.lt/products/8c1b4546-b6ee-4f66-b9e2-15d37796a7d3_m.png",
    "title": "Moteriškos pėdkelnės ORI AURORA 60 , 4 dydis, nero",
    "price": "2.74",
    "price_2": "2,74€/vnt.",
    "extra_info": "–50%"
  },
  {
    "image_url": "https://cdn.barbora.lt/products/dd1c3edf-5087-4ded-ad03-f77c01ee9a41_m.png",
    "title": "L'Oreal Paris Preference ilgalaikiai plaukų dažai, 6",
    "price": "8.75",
    "price_2": "8,75€/vnt.",
    "extra_info": "–35%"
  },
  {
    "image_url": "https://cdn.barbora.lt/products/6eaf89d6-cef4-4c31-b814-be442bdddde3_m.png",
    "title": "ODA PRO Peptidų emulsija su retinoliu ir vitaminu C",
    "price": "21.65",
    "price_2": "433€/l",
    "extra_info": "–30%"
  },
  {
    "image_url": "https://cdn.barbora.lt/products/b7a2112e-6bff-472e-b2ad-c476d1db5f4b_m.png",
    "title": "Regeneruojantis serumas ODA PRO su keramidais ir hialurono rūgštimi",
    "price": "23.69",
    "price_2": "789,67€/l",
    "extra_info": "–30%"
  },
  {
    "image_url": "https://cdn.barbora.lt/products/63dfdd58-fd8d-4f3c-9ca5-6de0e292284a_m.png",
    "title": "DAUGIAFUNKCINIS MICELINIS VANDUO",
    "price": "10.39",
    "price_2": "51,95€/l",
    "extra_info": "–30%"
  },
  {
    "image_url": "https://cdn.barbora.lt/products/7b0217cb-56d7-4709-afb5-1fb3fb9e9e7e_m.png",
    "title": "DRĖKINAMASIS VEIDO KREMAS NUO SAULĖS SPF30 IR MĖLYNOSIOS ŠVIESOS",
    "price": "21.65",
    "price_2": "433€/l",
    "extra_info": "–30%"
  },
  {
    "image_url": "https://cdn.barbora.lt/products/3e5f015d-02c5-4d1f-aa40-6ca533a97363_m.png",
    "title": "ODA PRO Drėkinamasis hialurono rūgšties ir vitamino c serumas",
    "price": "23.69",
    "price_2": "789,67€/l",
    "extra_info": "–30%"
  },
  {
    "image_url": "https://cdn.barbora.lt/products/f9f3efdb-d0a4-41bd-9339-0fd376e4c574_m.png",
    "title": "Green Feel's plaukų aliejus NUNU by Simona Nainė 100ml",
    "price": "12.99",
    "price_2": null,
    "extra_info": "2 ar daugiau su –40%"
  },
  {
    "image_url": "https://cdn.barbora.lt/products/5d7ac1cf-f273-4b83-a4e9-1865e8f4ce18_m.png",
    "title": "Servetėlės salonui Shell",
    "price": "3.99",
    "price_2": null,
    "extra_info": "2 ar daugiau su –40%"
  },
  {
    "image_url": "https://cdn.barbora.lt/products/bf6a80d2-05ab-4fa7-a0fe-89c7d0ecabc3_m.png",
    "title": "Vabzdžių valiklis Shell, 500ml",
    "price": "4.99",
    "price_2": null,
    "extra_info": "2 ar daugiau su –40%"
  },
  {
    "image_url": "https://cdn.barbora.lt/products/2c83d290-3d9f-46ab-b13b-70b14319bc47_m.png",
    "title": "Servetėlės automobilių stiklams SHELL",
    "price": "3.99",
    "price_2": null,
    "extra_info": "2 ar daugiau su –40%"
  },
  {
    "image_url": "https://cdn.barbora.lt/products/57a7793c-fb3c-49da-b785-c06202a2d118_m.png",
    "title": "NIVEA Dušo želė vyrams TOTAL RELAX 250ml",
    "price": "2.09",
    "price_2": "8,36€/l",
    "extra_info": "–50%"
  },
  {
    "image_url": "https://cdn.barbora.lt/products/52cfe0b6-cb08-4853-b92d-ade54a20abad_m.png",
    "title": "ELSEVE  plaukų purškiklis, 150ml",
    "price": "11.99",
    "price_2": null,
    "extra_info": "2 ar daugiau su –40%"
  },
  {
    "image_url": "https://cdn.barbora.lt/products/46f75bca-055e-4c6f-b42f-1740d15fd5bd_m.png",
    "title": "Plaukų dažai SYOSS COLOR 10-53 Šaltas labai šviesus,1 vnt.",
    "price": "8.99",
    "price_2": null,
    "extra_info": "2 ar daugiau su –40%"
  },
  {
    "image_url": "https://cdn.barbora.lt/products/9b2ab735-9dab-47b3-8016-4006c8f4a895_m.png",
    "title": "L'Oreal Paris Casting Creme Gloss pusiau ilgalaikiai plaukų dažai be amoniako, 360",
    "price": "10.59",
    "price_2": null,
    "extra_info": "2 ar daugiau su –40%"
  },
  {
    "image_url": "https://cdn.barbora.lt/products/61887b3a-8ecc-4d1d-9497-19a98ec79b70_m.png",
    "title": "ELNETT plaukų lakas, 200 ml",
    "price": "7.49",
    "price_2": null,
    "extra_info": "2 ar daugiau su –40%"
  },
  {
    "image_url": "https://cdn.barbora.lt/products/7cafd18a-f67a-4d48-9fd9-8b330340af29_m.png",
    "title": "Garnier Olia tonuojantys plaukų dažai be amoniako, 10.2",
    "price": "8.29",
    "price_2": null,
    "extra_info": "2 ar daugiau su –40%"
  },
  {
    "image_url": "https://cdn.barbora.lt/products/26ec1e49-bbe4-43f8-aa91-df7ee735189c_m.png",
    "title": "Plaukų dažai SYOSS COLOR 6-46 Šaltas tamsiai šviesus, 1vnt.",
    "price": "8.99",
    "price_2": null,
    "extra_info": "2 ar daugiau su –40%"
  },
  {
    "image_url": "https://cdn.barbora.lt/products/58339869-f1e9-45f6-a2a0-569b9a8df1bd_m.png",
    "title": "Veido micelinė želė NEUTROGENA CURCUMA CLEAR, 200 ml",
    "price": "6.29",
    "price_2": "31,45€/l",
    "extra_info": "–30%"
  },
  {
    "image_url": "https://cdn.barbora.lt/products/bb5d3b81-3721-43d1-b6ff-86d8977b3fad_m.png",
    "title": "Plaukų kaukė PANTENE Bond Repair, 300 ml",
    "price": "15.59",
    "price_2": null,
    "extra_info": "2 ar daugiau su –40%"
  },
  {
    "image_url": "https://cdn.barbora.lt/products/78c96495-7790-4f50-9791-a1b2bf1cfabb_m.png",
    "title": "Kojinės IMMAGINE, 43-46, kūno spalvos",
    "price": "1.99",
    "price_2": "1,99€/vnt.",
    "extra_info": "–50%"
  },
  {
    "image_url": "https://cdn.barbora.lt/products/6367f105-cefb-42f4-bfd8-32e03cd19e18_m.png",
    "title": "Kojinės IMMAGINE, 39-41,balta",
    "price": "1.74",
    "price_2": "1,74€/vnt.",
    "extra_info": "–50%"
  },
  {
    "image_url": "https://cdn.barbora.lt/products/e8409385-7a88-4fd5-ba5f-b3236be3aec0_m.png",
    "title": "Elektrinio dantų šepetėlio galvutės ORAL-B iO Gentle Care, White, 4 vnt.",
    "price": "46.99",
    "price_2": null,
    "extra_info": "2 ar daugiau su –40%"
  },
  {
    "image_url": "https://cdn.barbora.lt/products/11357d29-ac78-4c7a-be96-dbe29596e0ee_m.png",
    "title": "Plastikinės dangos valiklis TURTLE WAX 0,5l",
    "price": "5.49",
    "price_2": "10,98€/l",
    "extra_info": "–50%"
  },
  {
    "image_url": "https://cdn.barbora.lt/products/0129bfc0-8a2c-4253-90ae-b8bb8847d17b_m.png",
    "title": "Kojinės IMMAGINE, 39-42, pilka",
    "price": "1.99",
    "price_2": "1,99€/vnt.",
    "extra_info": "–50%"
  },
  {
    "image_url": "https://cdn.barbora.lt/products/9027dc27-e93c-4374-ae83-0f2752866e73_m.png",
    "title": "Plaukų šampūnas \"SCHAUMA STRONGER FOR LONGER\" , 400ml",
    "price": "4.59",
    "price_2": null,
    "extra_info": "2 ar daugiau su –40%"
  },
  {
    "image_url": "https://cdn.barbora.lt/products/c2d1691d-8b51-4677-ac46-9c362b56056f_m.png",
    "title": "NIVEA Q10 ANTI-WRINKLE EXPERT KASDIENIS UV FLUIDAS SU SPF50 30 ml",
    "price": "10.69",
    "price_2": "267,25€/l",
    "extra_info": "–50%"
  },
  {
    "image_url": "https://cdn.barbora.lt/products/0318e08c-a607-4f62-8bb4-870f3c04b981_m.png",
    "title": "OGX plaukų kaukė su argano aliejumi , 300ml",
    "price": "13.99",
    "price_2": null,
    "extra_info": "2 ar daugiau su –40%"
  },
  {
    "image_url": "https://cdn.barbora.lt/products/ff584823-af6c-4041-b332-8b17a2340ffd_m.png",
    "title": "NEUTROGENA Hydro Boost 10% niacinamido serumas, 30ml",
    "price": "16.65",
    "price_2": "555€/l",
    "extra_info": "–30%"
  },
  {
    "image_url": "https://cdn.barbora.lt/products/c2666c9d-9cf4-452a-9a82-2ad8a7c80f7e_m.png",
    "title": "NIVEA Restore purškiamas antiperspirantas moterims 50 ml",
    "price": "2.39",
    "price_2": "15,93€/l",
    "extra_info": "–50%"
  },
  {
    "image_url": "https://cdn.barbora.lt/products/712ce396-9a71-40d4-82bf-140d729d4a11_m.png",
    "title": "NIVEA Repair&Care \"Sensitive\" kūno losjonas 400 ml",
    "price": "5.29",
    "price_2": "13,23€/l",
    "extra_info": "–51%"
  },
  {
    "image_url": "https://cdn.barbora.lt/products/2c79e1a3-f70e-41e1-91bc-c99526cc2a1a_m.png",
    "title": "Patalynės komplektas 140x200/50x70cm, mašinėlės",
    "price": "15.99",
    "price_2": null,
    "extra_info": "2 ar daugiau su –40%"
  },
  {
    "image_url": "https://cdn.barbora.lt/products/d751a458-165a-4323-88cd-7b73fd6f1c2d_m.png",
    "title": "NIVEA® CELLULAR EPIGENETICS JAUNINANTIS SERUMAS SU EPICELLINE® 30 ml",
    "price": "13.99",
    "price_2": "466,33€/l",
    "extra_info": "–50%"
  },
  {
    "image_url": "https://cdn.barbora.lt/products/4e4d8cf3-0216-4114-8438-49ebe957a0f4_m.png",
    "title": "Moteriškos pėdkelnės ORI CONTROL BODY 40 , 5 dydis, grafite",
    "price": "2.84",
    "price_2": "2,84€/vnt.",
    "extra_info": "–50%"
  },
  {
    "image_url": "https://cdn.barbora.lt/products/56650822-0dd9-4235-892c-45fbd8b968ff_m.png",
    "title": "Patalynės komplektas 200x220/2x50x70cm mėl. gėlės",
    "price": "29.99",
    "price_2": null,
    "extra_info": "2 ar daugiau su –40%"
  },
  {
    "image_url": "https://cdn.barbora.lt/products/e4f59b7c-f843-48c2-b786-7042d001ecc1_m.png",
    "title": "Patalynės komplektas 200x220/2x50x70cm, žalia",
    "price": "29.99",
    "price_2": null,
    "extra_info": "2 ar daugiau su –40%"
  },
  {
    "image_url": "https://cdn.barbora.lt/products/ed277459-e265-4ce5-b6bb-f330460cc270_m.png",
    "title": "Patalynės komplektas 200x220/2x50x70cm,pilka",
    "price": "29.99",
    "price_2": null,
    "extra_info": "2 ar daugiau su –40%"
  },
  {
    "image_url": "https://cdn.barbora.lt/products/e00d1376-aa62-4725-a404-294d2e33bd47_m.png",
    "title": "Patalynės komplektas 200x220/2x50x70cm,žal. gėlės",
    "price": "29.99",
    "price_2": null,
    "extra_info": "2 ar daugiau su –40%"
  },
  {
    "image_url": "https://cdn.barbora.lt/products/1c6e852d-a0a0-41d5-a92f-4c17f0f1a471_m.png",
    "title": "Satininės patalynės komplektas 200x220/2x50x70cm,augalai",
    "price": "39.99",
    "price_2": null,
    "extra_info": "2 ar daugiau su –40%"
  },
  {
    "image_url": "https://cdn.barbora.lt/products/2fd4fc8f-718b-4d3d-aaf8-57e73e3a911b_m.png",
    "title": "Patalynės komplektas 140x200/50x70cm, maži ornamentai",
    "price": "15.99",
    "price_2": null,
    "extra_info": "2 ar daugiau su –40%"
  },
  {
    "image_url": "https://cdn.barbora.lt/products/fd498be5-3dc8-47e6-883c-3238368a2a85_m.png",
    "title": "Satininės patalynės komplektas 140x200/50x70cm, ornamentai",
    "price": "24.99",
    "price_2": null,
    "extra_info": "2 ar daugiau su –40%"
  },
  {
    "image_url": "https://cdn.barbora.lt/products/28153ab7-d628-4485-8129-644f0b674f36_m.png",
    "title": "Satininės patalynės komplektas 140x200/50x70cm t.mėl.dryžuota",
    "price": "24.99",
    "price_2": null,
    "extra_info": "2 ar daugiau su –40%"
  },
  {
    "image_url": "https://cdn.barbora.lt/products/0debf4de-6140-4aeb-99fb-4d8a7faeceee_m.png",
    "title": "Satininės patalynės komplektas  200x220/2x50x70cm t.pilka",
    "price": "49.99",
    "price_2": null,
    "extra_info": "2 ar daugiau su –40%"
  },
  {
    "image_url": "https://cdn.barbora.lt/products/02d4da0c-2dcb-44e9-b29b-a584dfa17bb6_m.png",
    "title": "Satininės patalynės komplektas 200x220/2x50x70cm,sidabro",
    "price": "49.99",
    "price_2": null,
    "extra_info": "2 ar daugiau su –40%"
  },
  {
    "image_url": "https://cdn.barbora.lt/products/eb44121d-4559-4a77-a80f-4d49ddfd7460_m.png",
    "title": "Satininė paklodė su guma, 160x200+30cm,t.pilka",
    "price": "27.99",
    "price_2": null,
    "extra_info": "2 ar daugiau su –40%"
  },
  {
    "image_url": "https://cdn.barbora.lt/products/1df4ea75-fe94-474b-b0c6-60d1968f348d_m.png",
    "title": "Satininės patalynės komplektas140x200/50x70cm,alyvų",
    "price": "34.99",
    "price_2": null,
    "extra_info": "2 ar daugiau su –40%"
  },
  {
    "image_url": "https://cdn.barbora.lt/products/9837012e-83d3-4d0a-86a4-dde4ca52178d_m.png",
    "title": "Moteriškos pėdkelnės ORI AZALI 50 , 4 dydis, nero",
    "price": "3.14",
    "price_2": "3,14€/vnt.",
    "extra_info": "–50%"
  },
  {
    "image_url": "https://cdn.barbora.lt/products/069fed40-f88e-45cc-9687-f2c8e2117506_m.png",
    "title": "Moteriškos pėdkelnės ORI AZALI 50 , 5 dydis, nero",
    "price": "3.14",
    "price_2": "3,14€/vnt.",
    "extra_info": "–50%"
  },
  {
    "image_url": "https://cdn.barbora.lt/products/bc4a7f48-892a-4511-928c-3a9783490482_m.png",
    "title": "Satininė paklodė su guma 140x200+30cm,t. mėlyna",
    "price": "14.99",
    "price_2": null,
    "extra_info": "2 ar daugiau su –40%"
  },
  {
    "image_url": "https://cdn.barbora.lt/products/fb0e466c-618e-4777-b6ac-5395c304001a_m.png",
    "title": "Paklodė su guma 160x200+30cm,dr. kaulo",
    "price": "11.99",
    "price_2": null,
    "extra_info": "2 ar daugiau su –40%"
  },
  {
    "image_url": "https://cdn.barbora.lt/products/7c42ed70-3d2c-4453-a8ca-5fddcc17a44c_m.png",
    "title": "Paklodė su guma 160x200+30cm, balta",
    "price": "11.99",
    "price_2": null,
    "extra_info": "2 ar daugiau su –40%"
  },
  {
    "image_url": "https://cdn.barbora.lt/products/c36a2462-386c-451e-9b68-04c9689fc069_m.png",
    "title": "NEUTROGENA NF Intense Repair Cica kremas, 400ml",
    "price": "10.19",
    "price_2": "25,48€/l",
    "extra_info": "–30%"
  },
  {
    "image_url": "https://cdn.barbora.lt/products/a24d3594-068b-4691-b00a-e01497dc7f8a_m.png",
    "title": "Dideli salsos skonio kukurūzų traškučiai SANTA MARIA, 160 g",
    "price": "2.59",
    "price_2": null,
    "extra_info": "2 ar daugiau su –50%"
  },
  {
    "image_url": "https://cdn.barbora.lt/products/5022db8d-abce-44af-9834-44c065b56e25_m.png",
    "title": "PALETTE DELUXE plaukų dažai 3-65 (750) šokoladinis",
    "price": "7.79",
    "price_2": null,
    "extra_info": "2 ar daugiau su –40%"
  },
  {
    "image_url": "https://cdn.barbora.lt/products/40be9cf9-15d2-4c0f-917a-22fbef97bc12_m.png",
    "title": "Plaukų dažai GARNIER COLOR NATURALS, 1 vnt.",
    "price": "4.99",
    "price_2": null,
    "extra_info": "2 ar daugiau su –40%"
  },
  {
    "image_url": "https://cdn.barbora.lt/products/b8d0be73-b54e-4d7e-9cd7-9d82a36408ec_m.png",
    "title": "Plaukų dažai GARNIER COLOR NATURALS, 1 vnt.",
    "price": "4.99",
    "price_2": null,
    "extra_info": "2 ar daugiau su –40%"
  },
  {
    "image_url": "https://cdn.barbora.lt/products/93ab440f-a2c9-4832-9bda-329ca052b691_m.png",
    "title": "Plaukų dažai GARNIER COLOR NATURALS, 1 vnt.",
    "price": "4.99",
    "price_2": null,
    "extra_info": "2 ar daugiau su –40%"
  },
  {
    "image_url": "https://cdn.barbora.lt/products/f536883f-da5c-4e11-82c1-d390f96c819d_m.png",
    "title": "Garnier Color Naturals 2.10, mėlynių juoda.",
    "price": "4.99",
    "price_2": null,
    "extra_info": "2 ar daugiau su –40%"
  },
  {
    "image_url": "https://cdn.barbora.lt/products/4278bfd7-bcb9-4e9c-97f1-b859cc97edc1_m.png",
    "title": "Garnier Color Naturals 4.3, auksinė ruda.",
    "price": "4.99",
    "price_2": null,
    "extra_info": "2 ar daugiau su –40%"
  },
  {
    "image_url": "https://cdn.barbora.lt/products/f2268bd7-b825-4a33-bfe9-5a77847bf49c_m.png",
    "title": "Plaukų dažai GARNIER COLOR NATURALS, Nr. 110, 1 vnt.",
    "price": "4.99",
    "price_2": null,
    "extra_info": "2 ar daugiau su –40%"
  },
  {
    "image_url": "https://cdn.barbora.lt/products/b5edd685-a9e0-4825-8461-c852f46410ee_m.png",
    "title": "Sėdynių apmušalų valiklis INTERIOR, 500 ml",
    "price": "3.99",
    "price_2": "7,98€/l",
    "extra_info": "–50%"
  },
  {
    "image_url": "https://cdn.barbora.lt/products/00b1f321-5837-434d-ac56-2b17e87e3b8f_m.png",
    "title": "Vazoninė gėlė hiacintas",
    "price": "0.99",
    "price_2": "0,99€/vnt.",
    "extra_info": "–50%"
  },
  {
    "image_url": "https://cdn.barbora.lt/products/c543918a-685d-4046-a7b9-dcfc35a4787c_m.png",
    "title": "Moteriškos pėdkelnės IMMAGINE Italiana Confort 40den 4 d., neutro",
    "price": "1.54",
    "price_2": "1,54€/vnt.",
    "extra_info": "–50%"
  },
  {
    "image_url": "https://cdn.barbora.lt/products/3995e80d-ed38-4cf3-8a44-18cea5304ac5_m.png",
    "title": "Odos priežiūros losjonas SONAX, 250ml",
    "price": "12.99",
    "price_2": null,
    "extra_info": "2 ar daugiau su –40%"
  },
  {
    "image_url": "https://cdn.barbora.lt/products/95648161-4464-44b0-bcf8-8b72c1be46ed_m.png",
    "title": "Plaukų dažai L'OREAL CASTING, 1 vnt.",
    "price": "10.59",
    "price_2": null,
    "extra_info": "2 ar daugiau su –40%"
  },
  {
    "image_url": "https://cdn.barbora.lt/products/72ffb850-39d5-41e9-9adf-e346b9b22a0c_m.png",
    "title": "Plaukų dažai L'OREAL PREFERENCE BRASILIA 3B, 1 vnt.",
    "price": "8.75",
    "price_2": "8,75€/vnt.",
    "extra_info": "–35%"
  },
  {
    "image_url": "https://cdn.barbora.lt/products/7b0f2588-3f2f-4e5e-a215-5959d93be63e_m.png",
    "title": "L'Oréal Paris Excellence Creme plaukų dažai 8 Light Blonde",
    "price": "7.09",
    "price_2": "7,09€/vnt.",
    "extra_info": "–35%"
  },
  {
    "image_url": "https://cdn.barbora.lt/products/82f2fe92-2fb4-484c-b4e0-d656b7e815c6_m.png",
    "title": "Plaukų dažai L'OREAL EXCELLENCE CREME, Nr. 9, 1 vnt.",
    "price": "7.09",
    "price_2": "7,09€/vnt.",
    "extra_info": "–35%"
  },
  {
    "image_url": "https://cdn.barbora.lt/products/d19d6af1-2076-44e7-ba2f-c5c6c1246da4_m.png",
    "title": "Servetėlės ARMORALL, matinės, 20 vnt.",
    "price": "3.99",
    "price_2": null,
    "extra_info": "2 ar daugiau su –40%"
  },
  {
    "image_url": "https://cdn.barbora.lt/products/cfeda527-31e5-4a98-ba37-03945bb0ecf2_m.png",
    "title": "Servetėlės stiklui valyti ARMORALL, 20 vnt.",
    "price": "3.99",
    "price_2": null,
    "extra_info": "2 ar daugiau su –40%"
  },
  {
    "image_url": "https://cdn.barbora.lt/products/67c4ec22-3043-4492-999d-efad5c110892_m.png",
    "title": "Plaukų dažai L'OREAL PREFERENCE, 1 vnt.",
    "price": "8.75",
    "price_2": "8,75€/vnt.",
    "extra_info": "–35%"
  },
  {
    "image_url": "https://cdn.barbora.lt/products/ef1b0a73-a144-41af-8a7d-2045051916b5_m.png",
    "title": "Servetėlės ARMORALL odai valyti, 20 vnt.",
    "price": "3.99",
    "price_2": null,
    "extra_info": "2 ar daugiau su –40%"
  },
  {
    "image_url": "https://cdn.barbora.lt/products/77cac4bf-838a-4881-b270-ceeed1e4d844_m.png",
    "title": "Gelis revitalizantas EX120 mehaninėms pavarų dėžėms ir reduktoriams",
    "price": "21.99",
    "price_2": null,
    "extra_info": "2 ar daugiau su –40%"
  },
  {
    "image_url": "https://cdn.barbora.lt/products/d8642643-c01c-4e0e-8b2b-304d3ce24c73_m.png",
    "title": "Gelis revitalizantas EX120 vairo stiprintuvui",
    "price": "21.99",
    "price_2": null,
    "extra_info": "2 ar daugiau su –40%"
  },
  {
    "image_url": "https://cdn.barbora.lt/products/09c9d061-185d-46d6-883d-14181bedbcf6_m.png",
    "title": "Atšaldyta kiaulienos nugarinė be kaulo, vakuume,  1 kg",
    "price": "3.99",
    "price_2": "3,99€/kg",
    "extra_info": "–33%"
  },
  {
    "image_url": "https://cdn.barbora.lt/products/98263072-3fed-475d-955c-843ec6481015_m.png",
    "title": "Plaukų dažai L'OREAL CASTING CREME GLOSS, Nr. 360, 1 vnt.",
    "price": "10.59",
    "price_2": null,
    "extra_info": "2 ar daugiau su –40%"
  },
  {
    "image_url": "https://cdn.barbora.lt/products/9a673744-5be0-44a7-8fc3-bd2f4008b030_m.png",
    "title": "Plaukų dažai PALETTE, 1 vnt.",
    "price": "5.49",
    "price_2": null,
    "extra_info": "2 ar daugiau su –40%"
  },
  {
    "image_url": "https://cdn.barbora.lt/products/eee2489f-9ca6-4258-a17f-866c512840a1_m.png",
    "title": "Vyriškos kojinės FRIENDS, 39-42 dydis, 3 vnt.",
    "price": "6.59",
    "price_2": "2,2€/vnt.",
    "extra_info": "–40%"
  },
  {
    "image_url": "https://cdn.barbora.lt/products/8d89628f-1b40-4c26-9ade-139b13039adf_m.png",
    "title": "Dažom. plaukų kremas PALETTE INTENSIVE COLOR CREM, Nr. 3-68, 1 vnt.",
    "price": "5.49",
    "price_2": null,
    "extra_info": "2 ar daugiau su –40%"
  },
  {
    "image_url": "https://cdn.barbora.lt/products/844447dd-a4ca-46a5-8bc1-eb8f8848b413_m.png",
    "title": "Dažomasis plaukų kremas SYOSS COLOR, Nr. 9-5, 1 vnt.",
    "price": "8.99",
    "price_2": null,
    "extra_info": "2 ar daugiau su –40%"
  },
  {
    "image_url": "https://cdn.barbora.lt/products/ed992539-54b2-4778-b724-8df217cfab7f_m.png",
    "title": "Dažomasis plaukų kremas\"SYOSS\", 1 vnt.",
    "price": "8.99",
    "price_2": null,
    "extra_info": "2 ar daugiau su –40%"
  },
  {
    "image_url": "https://cdn.barbora.lt/products/563b4385-e7ba-4477-9f3e-a39feb523ca6_m.png",
    "title": "Oro gaiviklis MON VANILLA CHOCO, 1 vnt.",
    "price": "1.19",
    "price_2": null,
    "extra_info": "2 ar daugiau su –40%"
  },
  {
    "image_url": "https://cdn.barbora.lt/products/38f2c763-ae53-445d-a9cc-af17f1777299_m.png",
    "title": "Moteriškos pėdkelnės IMMAGINE Italiana Ledi20, 2 d., visone",
    "price": "1.04",
    "price_2": "1,04€/vnt.",
    "extra_info": "–50%"
  },
  {
    "image_url": "https://cdn.barbora.lt/products/841a611f-4862-400d-a47f-5cb782337269_m.png",
    "title": "Moteriškos kojinaitės IMMAGINE Italiana Alba20(2p), un,nero,TI,6",
    "price": "1.24",
    "price_2": "0,62€/vnt.",
    "extra_info": "–50%"
  },
  {
    "image_url": "https://cdn.barbora.lt/products/fdbd21d9-a637-4b38-af82-63b206969f63_m.png",
    "title": "Plaukų dažai GARNIER COLOR NATURALS, Nr. 4.15, 1 vnt.",
    "price": "4.99",
    "price_2": null,
    "extra_info": "2 ar daugiau su –40%"
  },
  {
    "image_url": "https://cdn.barbora.lt/products/3324533a-1f22-49dc-adec-52af70439fe3_m.png",
    "title": "Stabdžių skystis ROTZ, 250 ml, DOT-4",
    "price": "1.99",
    "price_2": null,
    "extra_info": "2 ar daugiau su –40%"
  },
  {
    "image_url": "https://cdn.barbora.lt/products/6ecc520f-5109-4126-833f-2303df82f404_m.png",
    "title": "Plaukų dažai L'OREAL CASTING CREME GLOSS, Nr. 513, 1 vnt.",
    "price": "10.59",
    "price_2": null,
    "extra_info": "2 ar daugiau su –40%"
  },
  {
    "image_url": "https://cdn.barbora.lt/products/c4279837-c78b-4a24-8e37-fa9980492add_m.png",
    "title": "Plaukų dažai GARNIER COLOR NATURALS, 1 vnt.",
    "price": "4.99",
    "price_2": null,
    "extra_info": "2 ar daugiau su –40%"
  },
  {
    "image_url": "https://cdn.barbora.lt/products/679798ee-9b96-4f14-a89d-fc39e2ada0e8_m.png",
    "title": "Vazoninė gėlė rožė",
    "price": "3.99",
    "price_2": "3,99€/vnt.",
    "extra_info": "–43%"
  },
  {
    "image_url": "https://cdn.barbora.lt/products/a87a58aa-5c7f-4799-8dab-c4a1dc22931e_m.png",
    "title": "Variklių alyva MOBIL SUPER 3000X1F-FE 5W-30, 4 l",
    "price": "54.99",
    "price_2": null,
    "extra_info": "2 ar daugiau su –40%"
  },
  {
    "image_url": "https://cdn.barbora.lt/products/5e6f6538-bb47-44b9-b628-5b20618eb86d_m.png",
    "title": "Variklių alyva MOBIL SUPER 3000X1F-FE 5W-30, 1 l",
    "price": "14.99",
    "price_2": null,
    "extra_info": "2 ar daugiau su –40%"
  },
  {
    "image_url": "https://cdn.barbora.lt/products/84d47299-f447-4503-9df1-f7f460328e78_m.png",
    "title": "L′ORÉAL PARIS, EXCELLENCE CREME, ilgalaikiai plaukų dažai, 7.43 Vario auksinė blondinė, 1 vnt.",
    "price": "4.85",
    "price_2": "4,85€/vnt.",
    "extra_info": "–35%"
  },
  {
    "image_url": "https://cdn.barbora.lt/products/d7578e05-9930-42fe-be25-97d769472b25_m.png",
    "title": "Atominis metalo kondicionierius XADO HIGHWAY, 225 ml",
    "price": "21.99",
    "price_2": null,
    "extra_info": "2 ar daugiau su –40%"
  },
  {
    "image_url": "https://cdn.barbora.lt/products/387d45dc-d4e9-43b1-9b83-43b3a93fd0ff_m.png",
    "title": "Moteriškos kojinaitės ORI Step20(2p), un,neut,TI,6",
    "price": "1.39",
    "price_2": "0,7€/vnt.",
    "extra_info": "–50%"
  },
  {
    "image_url": "https://cdn.barbora.lt/products/29f76d8b-e8a2-4d36-9dc2-f845b742b37e_m.png",
    "title": "Plaukų dažai L'OREAL PREFERENCE PLATINUM EXTREME, 1 vnt.",
    "price": "8.75",
    "price_2": "8,75€/vnt.",
    "extra_info": "–35%"
  },
  {
    "image_url": "https://cdn.barbora.lt/products/87528935-33a1-41b3-89e4-8c51b3f6431f_m.png",
    "title": "CASTING CRÈME GLOSS, 554",
    "price": "10.59",
    "price_2": null,
    "extra_info": "2 ar daugiau su –40%"
  },
  {
    "image_url": "https://cdn.barbora.lt/products/d53ec99b-804f-4659-86fa-2efbf44690f2_m.png",
    "title": "Plaukų dažai GARNIER COLOR NATURALS, 1 vnt.",
    "price": "4.99",
    "price_2": null,
    "extra_info": "2 ar daugiau su –40%"
  },
  {
    "image_url": "https://cdn.barbora.lt/products/d90aedc5-eeca-4c68-9806-9d67af7d412d_m.png",
    "title": "Dažomasis plaukų kremas SYOSS OLEO INTENSE, 1 vnt.",
    "price": "9.49",
    "price_2": null,
    "extra_info": "2 ar daugiau su –40%"
  },
  {
    "image_url": "https://cdn.barbora.lt/products/e7a75dfa-c477-4ffa-8f4a-0b0cd79e02f6_m.png",
    "title": "Plaukų kremas SYOSS OLEO INTENSE 8-05",
    "price": "9.49",
    "price_2": null,
    "extra_info": "2 ar daugiau su –40%"
  },
  {
    "image_url": "https://cdn.barbora.lt/products/7ecad7a6-bea5-41d1-87da-2927e1a3763d_m.png",
    "title": "PALETTE DELUXE plaukų dažai 7-77 (562) ryškus spindintis varis",
    "price": "7.79",
    "price_2": null,
    "extra_info": "2 ar daugiau su –40%"
  },
  {
    "image_url": "https://cdn.barbora.lt/products/cbc6f140-c858-4bc2-bdad-303dddb9ffbd_m.png",
    "title": "Automobilinis oro gaiviklis AREON CAR PERFUME SILVER, 1 vnt.",
    "price": "5.49",
    "price_2": null,
    "extra_info": "2 ar daugiau su –40%"
  },
  {
    "image_url": "https://cdn.barbora.lt/products/cb614a3f-2de8-4975-b5f3-6a7c1b1ee5cb_m.png",
    "title": "Automobilinis oro gaiviklis CAR PERFUME PLATINUM, 1 vnt.",
    "price": "5.49",
    "price_2": null,
    "extra_info": "2 ar daugiau su –40%"
  },
  {
    "image_url": "https://cdn.barbora.lt/products/f5ff7060-931f-4732-ae9c-bb8f6a875604_m.png",
    "title": "Servetėlės kilimėliams ir sėdynėms valyti ARMORALL, 20 vnt., 1 vnt.",
    "price": "3.99",
    "price_2": null,
    "extra_info": "2 ar daugiau su –40%"
  },
  {
    "image_url": "https://cdn.barbora.lt/products/fdda680d-8f09-4c42-a030-156716676a06_m.png",
    "title": "Moteriškos pėdkelnės ORI  CONFORTFIT40,3,GRAFITE,TI,4",
    "price": "2.74",
    "price_2": "2,74€/vnt.",
    "extra_info": "–50%"
  },
  {
    "image_url": "https://cdn.barbora.lt/products/8e7a2117-8b70-40ad-9fd7-6177eb804ba8_m.png",
    "title": "Moteriškos pėdkelnės ORI  CONFORTFIT40,4,GRAFITE,TI,3",
    "price": "2.74",
    "price_2": "2,74€/vnt.",
    "extra_info": "–50%"
  },
  {
    "image_url": "https://cdn.barbora.lt/products/ab011f69-6ee9-4fc2-986a-24732f8bc230_m.png",
    "title": "Moteriškos pėdkelnės IMG FORMING SLIM 40 , 2 dydis,nero",
    "price": "2.89",
    "price_2": "2,89€/vnt.",
    "extra_info": "–50%"
  },
  {
    "image_url": "https://cdn.barbora.lt/products/26e18574-9d74-4702-ac32-675168f6f12a_m.png",
    "title": "Moteriškos pėdkelnės IMG FORMING SLIM 40 , 3 dydis,nero",
    "price": "2.89",
    "price_2": "2,89€/vnt.",
    "extra_info": "–50%"
  },
  {
    "image_url": "https://cdn.barbora.lt/products/adeea5ad-60e2-48c0-9965-f35347f7a8c2_m.png",
    "title": "Moteriškos pėdkelnės IMG FORMING SLIM 40, 3 dydis,antraci",
    "price": "2.89",
    "price_2": "2,89€/vnt.",
    "extra_info": "–50%"
  },
  {
    "image_url": "https://cdn.barbora.lt/products/89d3adf0-54cc-4a11-b99d-fafbb8252a2c_m.png",
    "title": "Moteriškos pėdkelnėsIMG FormingSlim70, 2 dydis, nero,TI,4",
    "price": "3.34",
    "price_2": "3,34€/vnt.",
    "extra_info": "–50%"
  },
  {
    "image_url": "https://cdn.barbora.lt/products/f9452b07-d641-4e2e-b20f-106845d37bfa_m.png",
    "title": "Moteriškos pėdkelnėsIMG FormingSlim70, atracite 4 dydis",
    "price": "3.34",
    "price_2": "3,34€/vnt.",
    "extra_info": "–50%"
  },
  {
    "image_url": "https://cdn.barbora.lt/products/3b30267e-c076-491d-8ad0-3019460c432f_m.png",
    "title": "Garnier Color Naturals 3.23, tamsus kvarcas.",
    "price": "4.99",
    "price_2": null,
    "extra_info": "2 ar daugiau su –40%"
  },
  {
    "image_url": "https://cdn.barbora.lt/products/fc3688b1-0126-4d52-b0aa-286000a7d106_m.png",
    "title": "Plaukų dažai L'OREAL PREFERENCE 3.12, 1 vnt.",
    "price": "8.75",
    "price_2": "8,75€/vnt.",
    "extra_info": "–35%"
  },
  {
    "image_url": "https://cdn.barbora.lt/products/7931df30-a1fc-432f-a7a7-bb321053d353_m.png",
    "title": "Plaukų dažai L'OREAL PREFERENCE 11.11, 1 vnt.",
    "price": "8.75",
    "price_2": "8,75€/vnt.",
    "extra_info": "–35%"
  },
  {
    "image_url": "https://cdn.barbora.lt/products/eb9c4592-ab7e-4f08-9c43-a8ac99f2ad41_m.png",
    "title": "Plaukų lakas JOHN FRIEDA VOLUME, 250 ml",
    "price": "10.99",
    "price_2": null,
    "extra_info": "2 ar daugiau su –40%"
  },
  {
    "image_url": "https://cdn.barbora.lt/products/ec7b27d4-efa0-4c80-94c3-69df1652455b_m.png",
    "title": "Dyzelinio variklio sistemos valiklis MULTI CLEANER, 250 ml",
    "price": "15.99",
    "price_2": null,
    "extra_info": "2 ar daugiau su –40%"
  },
  {
    "image_url": "https://cdn.barbora.lt/products/43a713f1-6d38-4466-bd02-04aa1030f81f_m.png",
    "title": "Variklio sandariklis ATOMEX STOP ENGINE, 250ml",
    "price": "15.99",
    "price_2": null,
    "extra_info": "2 ar daugiau su –40%"
  },
  {
    "image_url": "https://cdn.barbora.lt/products/28f4e872-7608-4bec-8d13-b3768ff43546_m.png",
    "title": "Atomex tepalo spaudimo atstatymo priemonė su revitalizantu",
    "price": "15.99",
    "price_2": null,
    "extra_info": "2 ar daugiau su –40%"
  },
  {
    "image_url": "https://cdn.barbora.lt/products/b0089a13-3649-47c4-b257-70aced400913_m.png",
    "title": "Plaukų dažai CASTING CRÈME GLOSS, 635",
    "price": "10.59",
    "price_2": null,
    "extra_info": "2 ar daugiau su –40%"
  },
  {
    "image_url": "https://cdn.barbora.lt/products/2b63f0a8-ea36-4127-8d79-10ab0e9f64d4_m.png",
    "title": "Vaikiškos kojinės FRIENDS, 8304,28–30,navy/grey,2 poros",
    "price": "3.47",
    "price_2": "1,74€/vnt.",
    "extra_info": "–40%"
  },
  {
    "image_url": "https://cdn.barbora.lt/products/66566e9e-c66e-48ce-96c3-61f44c581603_m.png",
    "title": "Vaikiškos kojinės FRIENDS, 8304,31–33,navy/grey,2 poros",
    "price": "3.47",
    "price_2": "1,74€/vnt.",
    "extra_info": "–40%"
  },
  {
    "image_url": "https://cdn.barbora.lt/products/4c332983-713a-4442-bada-d27c512da24c_m.png",
    "title": "Vaikiškos kojinės FRIENDS, 8304,34–36,navy/grey,2 poros",
    "price": "3.47",
    "price_2": "1,74€/vnt.",
    "extra_info": "–40%"
  },
  {
    "image_url": "https://cdn.barbora.lt/products/3101f61f-3812-471c-aed5-ec3eb6602225_m.png",
    "title": "Dažomasis plaukų kremas PALETTE DELUXE, Nr. 1-0, 1 vnt.",
    "price": "7.79",
    "price_2": null,
    "extra_info": "2 ar daugiau su –40%"
  },
  {
    "image_url": "https://cdn.barbora.lt/products/7cfb6064-4612-413d-b5cd-b16b04486d62_m.png",
    "title": "Moteriškos pėdkelnės ORI Control Body40, NEUTRO, 2 dydis",
    "price": "2.84",
    "price_2": "2,84€/vnt.",
    "extra_info": "–50%"
  },
  {
    "image_url": "https://cdn.barbora.lt/products/82a5a3bb-e8ef-4bd6-b95e-d5b657a01a7b_m.png",
    "title": "VENITA SALON Plaukų želė MEGA STRONG, 500 ml",
    "price": "2.45",
    "price_2": null,
    "extra_info": "2 ar daugiau su –40%"
  },
  {
    "image_url": "https://cdn.barbora.lt/products/50514694-e980-4605-863d-60f8a36ba5e7_m.png",
    "title": "Vaikiškos kojinės FRIENDS, 8304,37–40,navy/grey,2 poros",
    "price": "3.47",
    "price_2": "1,74€/vnt.",
    "extra_info": "–40%"
  },
  {
    "image_url": "https://cdn.barbora.lt/products/dd9593f3-767e-4a8c-8bcb-e6bbd5ed6900_m.png",
    "title": "Automobilinis vaškas TURTLE WAX CARNAUBA 500ml, 500 ml",
    "price": "5.49",
    "price_2": "10,98€/l",
    "extra_info": "–50%"
  },
  {
    "image_url": "https://cdn.barbora.lt/products/883f7613-48e5-4bb0-a380-5cb5c34e1a20_m.png",
    "title": "Padangų valiklis-aerozolis TURTLE WAX, 500 ml",
    "price": "4.99",
    "price_2": "9,98€/l",
    "extra_info": "–50%"
  },
  {
    "image_url": "https://cdn.barbora.lt/products/82de8776-90cc-4603-b010-f809cc67bbc3_m.png",
    "title": "Plaukų dažai GARNIER COLOR NATURALS, Nr. 10, 1 vnt.",
    "price": "4.99",
    "price_2": null,
    "extra_info": "2 ar daugiau su –40%"
  },
  {
    "image_url": "https://cdn.barbora.lt/products/e7777dc4-6859-40d6-a9da-478bde1da781_m.png",
    "title": "Plaukų lakas INTESA ECOFIX, 500 ml",
    "price": "3.49",
    "price_2": null,
    "extra_info": "2 ar daugiau su –40%"
  },
  {
    "image_url": "https://cdn.barbora.lt/products/42f358f4-559e-4972-a75e-b96d1e469061_m.png",
    "title": "Dažomasis plaukų šaknų purškiklis L'OREAL MAGIC, juodos sp., 75 ml",
    "price": "8.99",
    "price_2": null,
    "extra_info": "2 ar daugiau su –40%"
  },
  {
    "image_url": "https://cdn.barbora.lt/products/5177974e-e891-497f-8c62-298ff67c3673_m.png",
    "title": "Moteriškos pėdkelnės IMMAGINE LOLA 40, 2 dydis, 1 vnt.",
    "price": "1.44",
    "price_2": "1,44€/vnt.",
    "extra_info": "–50%"
  },
  {
    "image_url": "https://cdn.barbora.lt/products/6bb0cbd5-7d9e-4dc8-a6b6-ec8241f23ede_m.png",
    "title": "Dažom. plaukų kremas PALETTE INTENSIVE COLOR CRE, Nr. 12-46, 1 vnt.",
    "price": "5.49",
    "price_2": null,
    "extra_info": "2 ar daugiau su –40%"
  },
  {
    "image_url": "https://cdn.barbora.lt/products/1d743bb1-c86f-4589-a191-a0ca64da94c0_m.png",
    "title": "Moteriškos pėdkelnės ORI Attiva Body40, antracite, 3",
    "price": "1.99",
    "price_2": "1,99€/vnt.",
    "extra_info": "–50%"
  },
  {
    "image_url": "https://cdn.barbora.lt/products/a2245044-48d0-4b2d-baa5-b7790750f057_m.png",
    "title": "Moteriškos pėdkelnės IMMAGINE Italiana Mama40, M/L, neutro",
    "price": "2.84",
    "price_2": "2,84€/vnt.",
    "extra_info": "–50%"
  },
  {
    "image_url": "https://cdn.barbora.lt/products/cc3e95d4-f086-4cab-8468-bb9b58902ae1_m.png",
    "title": "Moteriškos pėdkelnės ORI Control Body70, 2 dydis, antracite",
    "price": "2.84",
    "price_2": "2,84€/vnt.",
    "extra_info": "–50%"
  },
  {
    "image_url": "https://cdn.barbora.lt/products/c82ade9e-1222-45c3-94da-4f78b4938c14_m.png",
    "title": "Moteriškos pėdkelnės ORI Control Body70, 3 dydis,antracite",
    "price": "2.84",
    "price_2": "2,84€/vnt.",
    "extra_info": "–50%"
  },
  {
    "image_url": "https://cdn.barbora.lt/products/29e60a8f-3249-42a2-9a32-beb09b597bf1_m.png",
    "title": "Moteriškos pėdkelnės ORI Control Body70, 2 dydis,nero",
    "price": "2.84",
    "price_2": "2,84€/vnt.",
    "extra_info": "–50%"
  },
  {
    "image_url": "https://cdn.barbora.lt/products/9162451a-7f8a-4dc5-ab31-6b7f3cb93e67_m.png",
    "title": "Vaikiškos pėdkelnės BELLISSIMA, MARINE, 146-152 dydis, 1 vnt.",
    "price": "6.99",
    "price_2": null,
    "extra_info": "2 ar daugiau su –40%"
  },
  {
    "image_url": "https://cdn.barbora.lt/products/fe6e52bd-7679-4899-bd18-40ef90233746_m.png",
    "title": "Plaukų kondicionierius OGX su keratino aliejumi, 385 ml",
    "price": "13.99",
    "price_2": null,
    "extra_info": "2 ar daugiau su –40%"
  },
  {
    "image_url": "https://cdn.barbora.lt/products/81e3a2ba-9cb1-4473-b9d3-283cbbb6809c_m.png",
    "title": "Plaukų šampūnas OGX su keratino aliejumi, 385 ml",
    "price": "13.99",
    "price_2": null,
    "extra_info": "2 ar daugiau su –40%"
  },
  {
    "image_url": "https://cdn.barbora.lt/products/603e6dd2-c067-446f-8f6a-ac5a823ae583_m.png",
    "title": "Moteriškos pėdkelnės IMMAGINE Italiana Only20, 5 d.,nature",
    "price": "1.49",
    "price_2": "1,49€/vnt.",
    "extra_info": "–50%"
  },
  {
    "image_url": "https://cdn.barbora.lt/products/bd398cad-6460-4a7a-ac0a-2c6be95eb43a_m.png",
    "title": "Moteriškos pėdkelnės IMMAGINE Italiana Only20, 3 d.,neutro",
    "price": "1.49",
    "price_2": "1,49€/vnt.",
    "extra_info": "–50%"
  },
  {
    "image_url": "https://cdn.barbora.lt/products/a58a6477-a9a4-4d0c-8ee4-96d7d539f222_m.png",
    "title": "Moteriškos pėdkelnės IMMAGINE Italiana Only20, 4,neutro",
    "price": "1.49",
    "price_2": "1,49€/vnt.",
    "extra_info": "–50%"
  },
  {
    "image_url": "https://cdn.barbora.lt/products/20714ed4-1f9d-4478-a708-13d017fcea94_m.png",
    "title": "Moteriškos pėdkelnės IMMAGINE Italiana Only20, 5 d.,neutro",
    "price": "1.49",
    "price_2": "1,49€/vnt.",
    "extra_info": "–50%"
  },
  {
    "image_url": "https://cdn.barbora.lt/products/47d8475d-6c02-45c4-a97b-c7ac82662828_m.png",
    "title": "Dažomasis plaukų šaknų purškiklis SYOSS ROOT RETOUCHER,rudas, 120 ml",
    "price": "9.29",
    "price_2": null,
    "extra_info": "2 ar daugiau su –40%"
  },
  {
    "image_url": "https://cdn.barbora.lt/products/1693641d-e2a3-46ce-b82f-3a8f4e606eec_m.png",
    "title": "Kilimėlių ir užtiesalų valiklis TURTLE WAX, 400 ml",
    "price": "5.24",
    "price_2": "13,1€/l",
    "extra_info": "–50%"
  },
  {
    "image_url": "https://cdn.barbora.lt/products/a5098fca-d946-42d5-9307-867c323efad2_m.png",
    "title": "Odos valiklis ir kondicionierius TURTLE WAX, 400 ml",
    "price": "5.99",
    "price_2": "14,98€/l",
    "extra_info": "–50%"
  },
  {
    "image_url": "https://cdn.barbora.lt/products/b1e5a7ae-7289-4806-88df-eb6df381c54c_m.png",
    "title": "Apmušalų valymo ir apsaugos priemonė TURTLE WAX, 400 ml",
    "price": "5.24",
    "price_2": "13,1€/l",
    "extra_info": "–50%"
  },
  {
    "image_url": "https://cdn.barbora.lt/products/3cb79bda-e519-4b21-ba05-b31ee4ec0e56_m.png",
    "title": "Automobilių oro gaivikliai AMBI PUR OCEAN MIST, 2 vnt., 4 ml",
    "price": "9.49",
    "price_2": null,
    "extra_info": "2 ar daugiau su –40%"
  },
  {
    "image_url": "https://cdn.barbora.lt/products/2b6ccd9e-0350-4e14-9f8d-b3de848bb232_m.png",
    "title": "Dažomasis plaukų šaknų purškiklis L'OREAL MAGIC, rudos sp., 75 ml",
    "price": "8.99",
    "price_2": null,
    "extra_info": "2 ar daugiau su –40%"
  },
  {
    "image_url": "https://cdn.barbora.lt/products/ee04d0ff-28cd-4a8b-8b37-948c51c3c83c_m.png",
    "title": "Suodžių filtro valiklis ATOMEX DPF, 250 ml",
    "price": "15.99",
    "price_2": null,
    "extra_info": "2 ar daugiau su –40%"
  },
  {
    "image_url": "https://cdn.barbora.lt/products/b0420801-3944-4345-846e-a9169c2b9d61_m.png",
    "title": "Polirolis TURTLE WAX COLOR MAGIC, juodas, 500 ml",
    "price": "6.99",
    "price_2": "13,98€/l",
    "extra_info": "–50%"
  },
  {
    "image_url": "https://cdn.barbora.lt/products/e28b4496-65f3-4894-9a87-8b6d52f174b7_m.png",
    "title": "Moteriškos pėdkelnės IMMAGINE Italiana Only40, 3 d., antracite",
    "price": "1.99",
    "price_2": "1,99€/vnt.",
    "extra_info": "–50%"
  },
  {
    "image_url": "https://cdn.barbora.lt/products/852652bb-3f56-4da2-9a22-c7e3381da0e7_m.png",
    "title": "Moteriškos pėdkelnės IMMAGINE Italiana Only40, 5 d., antracite",
    "price": "1.99",
    "price_2": "1,99€/vnt.",
    "extra_info": "–50%"
  },
  {
    "image_url": "https://cdn.barbora.lt/products/754e0372-fcb4-42ae-b529-830ed9aa0cac_m.png",
    "title": "Moteriškos pėdkelnės IMMAGINE Italiana Only40, 2 d., nero",
    "price": "1.99",
    "price_2": "1,99€/vnt.",
    "extra_info": "–50%"
  },
  {
    "image_url": "https://cdn.barbora.lt/products/a00fd030-3837-453c-967c-95dd95e7eabd_m.png",
    "title": "Moteriškos pėdkelnės IMMAGINE Italiana Only40, 4 d., nero",
    "price": "1.99",
    "price_2": "1,99€/vnt.",
    "extra_info": "–50%"
  },
  {
    "image_url": "https://cdn.barbora.lt/products/604a090a-3e55-4d38-8de7-61ba99c69a26_m.png",
    "title": "Moteriškos pėdkelnės IMMAGINE Italiana Only40, 2 d.,neutro",
    "price": "1.99",
    "price_2": "1,99€/vnt.",
    "extra_info": "–50%"
  },
  {
    "image_url": "https://cdn.barbora.lt/products/6d1378ae-e245-4b35-8de5-acdaf5f91d30_m.png",
    "title": "Automobilių oro gaiviklis AREON FRESCO PLATINUM, 1 vnt.",
    "price": "3.59",
    "price_2": null,
    "extra_info": "2 ar daugiau su –40%"
  },
  {
    "image_url": "https://cdn.barbora.lt/products/b8503429-0a45-41c6-b1b8-c201448c60e7_m.png",
    "title": "Moteriškos pėdutės ORI SNEAKER COT (2 poros), 1 vnt., 35-38, nero",
    "price": "2.74",
    "price_2": "2,74€/vnt.",
    "extra_info": "–50%"
  },
  {
    "image_url": "https://cdn.barbora.lt/products/8b952289-f847-4435-a252-32a8486ecfce_m.png",
    "title": "Moteriškos pėdutės ORI SNEAKER COT (2 poros), 1 vnt., 39-42,nero",
    "price": "2.74",
    "price_2": "2,74€/vnt.",
    "extra_info": "–50%"
  },
  {
    "image_url": "https://cdn.barbora.lt/products/ed4dce90-87a1-4cd5-9a52-155c109be1dc_m.png",
    "title": "Moteriškos kojinaitės ORI Balerina Cot, 35-38,nero",
    "price": "2.49",
    "price_2": "2,49€/vnt.",
    "extra_info": "–50%"
  },
  {
    "image_url": "https://cdn.barbora.lt/products/023e6764-ef44-4399-830b-f87556f91704_m.png",
    "title": "Moteriškos kojinaitės ORI Balerina Cot, 35-38,neutr",
    "price": "2.49",
    "price_2": "2,49€/vnt.",
    "extra_info": "–50%"
  },
  {
    "image_url": "https://cdn.barbora.lt/products/d70009c6-d264-4616-a700-747c5b815a00_m.png",
    "title": "Moteriškos kojinaitės immagine Italiana Sneaker M, 35-38,nero",
    "price": "2.74",
    "price_2": "1,37€/vnt.",
    "extra_info": "–50%"
  },
  {
    "image_url": "https://cdn.barbora.lt/products/5ab839b5-bb1f-49b4-a332-9930e23d5b6e_m.png",
    "title": "Moteriškos kojinaitės immagine Italiana Sneaker M, 39-42,nero",
    "price": "2.74",
    "price_2": "1,37€/vnt.",
    "extra_info": "–50%"
  },
  {
    "image_url": "https://cdn.barbora.lt/products/4e602e0b-4d48-4f1e-8b3b-ae10d5311f9e_m.png",
    "title": "Moteriškos kojinaitės immagine Italiana Sneaker M, 35-38,nature",
    "price": "2.74",
    "price_2": "1,37€/vnt.",
    "extra_info": "–50%"
  },
  {
    "image_url": "https://cdn.barbora.lt/products/58d5dfc2-3601-44a5-927e-b3aec3c359fe_m.png",
    "title": "Moteriškos pėdutės IMMAGINE BALERINA M (2 poros), 2 vnt., 35-38,nero",
    "price": "2.34",
    "price_2": "1,17€/vnt.",
    "extra_info": "–50%"
  },
  {
    "image_url": "https://cdn.barbora.lt/products/18237c8c-bb26-466c-a083-474bebd4a794_m.png",
    "title": "Moteriškos pėdutės IMMAGINE BALERINA M (2 poros), 2 vnt., 39-42,nero",
    "price": "2.34",
    "price_2": "1,17€/vnt.",
    "extra_info": "–50%"
  },
  {
    "image_url": "https://cdn.barbora.lt/products/c97e021a-856b-44df-959c-504e443767ce_m.png",
    "title": "Moteriškos pėdutės IMMAGINE BALERINA M (2 poros), 2 vnt., 35-38,nature",
    "price": "2.34",
    "price_2": "1,17€/vnt.",
    "extra_info": "–50%"
  },
  {
    "image_url": "https://cdn.barbora.lt/products/5535c784-ab13-4da8-8bb2-fb7e2834d314_m.png",
    "title": "Moteriškos pėdutės IMMAGINE BALERINA M (2 poros), 2 vnt., 39-42,nature",
    "price": "2.34",
    "price_2": "1,17€/vnt.",
    "extra_info": "–50%"
  },
  {
    "image_url": "https://cdn.barbora.lt/products/fd81103d-c792-4486-ba99-101c0fac3091_m.png",
    "title": "L'Oreal Paris Preference ilgalaikiai plaukų dažai, 7.23",
    "price": "8.75",
    "price_2": "8,75€/vnt.",
    "extra_info": "–35%"
  },
  {
    "image_url": "https://cdn.barbora.lt/products/21e2b0dd-c315-4088-94a5-4a2af4b3f32e_m.png",
    "title": "Plaukų vaškas WELLA SHOCKWAVES CLEAN CUT, 75 ml",
    "price": "4.59",
    "price_2": null,
    "extra_info": "2 ar daugiau su –40%"
  },
  {
    "image_url": "https://cdn.barbora.lt/products/bead25e5-fc42-4be4-9a62-30d14e41e42c_m.png",
    "title": "Veido kremas NEUTROGENA HYDROBOOST SPF25, 50 ml",
    "price": "13.99",
    "price_2": "279,8€/l",
    "extra_info": "–30%"
  },
  {
    "image_url": "https://cdn.barbora.lt/products/79c251d4-9d36-4230-b333-5f77acceade2_m.png",
    "title": "Sintetinė alyva WOLVER ULTRATEC SAE 5W-40, 1 l",
    "price": "7.99",
    "price_2": null,
    "extra_info": "2 ar daugiau su –40%"
  },
  {
    "image_url": "https://cdn.barbora.lt/products/3fed78da-abb4-46e6-978b-f8152c92a235_m.png",
    "title": "Sintetinė alyva WOLVER ULTRATEC SAE 5W-40, 4 l",
    "price": "29.99",
    "price_2": null,
    "extra_info": "2 ar daugiau su –40%"
  },
  {
    "image_url": "https://cdn.barbora.lt/products/3d6f088a-e4f2-4db4-b9b3-be7f54a0ba80_m.png",
    "title": "Kėbulo atnaujinimo priemonė SONAX, 750ml",
    "price": "13.49",
    "price_2": null,
    "extra_info": "2 ar daugiau su –40%"
  },
  {
    "image_url": "https://cdn.barbora.lt/products/660adaeb-9400-49ae-9a8a-8bc9b6c47fcb_m.png",
    "title": "Automobilio salono valiklis ARMORALL VANILLA, 500 ml",
    "price": "7.49",
    "price_2": null,
    "extra_info": "2 ar daugiau su –40%"
  },
  {
    "image_url": "https://cdn.barbora.lt/products/43ed52ca-367e-4a42-97a2-1ec316c642c9_m.png",
    "title": "Apmušalų valiklis ARMORALL, 400 ml",
    "price": "7.99",
    "price_2": null,
    "extra_info": "2 ar daugiau su –40%"
  },
  {
    "image_url": "https://cdn.barbora.lt/products/d6015a80-c064-4fee-aa8b-67ca6bb05399_m.png",
    "title": "Vaikiškos kojinės SUNNY SIDE, 28-30, 3 poros, 3 vnt.",
    "price": "4.01",
    "price_2": "1,34€/vnt.",
    "extra_info": "–40%"
  },
  {
    "image_url": "https://cdn.barbora.lt/products/1f481497-717c-4f86-a2e8-f9f1fd406caf_m.png",
    "title": "Vaikiškos kojinės SUNNY SIDE, 31-33, 3 poros, 3 vnt.",
    "price": "4.01",
    "price_2": "1,34€/vnt.",
    "extra_info": "–40%"
  },
  {
    "image_url": "https://cdn.barbora.lt/products/431dcd99-6d3c-4212-937f-8a643bd383f2_m.png",
    "title": "Padangų atnaujinimo priemonė ARMORALL, 500 ml",
    "price": "8.99",
    "price_2": null,
    "extra_info": "2 ar daugiau su –40%"
  },
  {
    "image_url": "https://cdn.barbora.lt/products/89be041f-3c3e-4da8-9a4c-b8696d938bc9_m.png",
    "title": "Automobilio stiklo valytuvas BOSCH AEROECO be rėmo, 40 cm, 1 vnt.",
    "price": "9.99",
    "price_2": null,
    "extra_info": "2 ar daugiau su –40%"
  },
  {
    "image_url": "https://cdn.barbora.lt/products/2cffb0e3-672c-4756-ade4-7f82e787cd4d_m.png",
    "title": "Automobilio stiklo valytuvas BOSCH AEROECO be rėmo, 45 cm, 1 vnt.",
    "price": "9.99",
    "price_2": null,
    "extra_info": "2 ar daugiau su –40%"
  },
  {
    "image_url": "https://cdn.barbora.lt/products/ad76965e-8bd6-4a1c-ae60-8bafaa935147_m.png",
    "title": "Automobilio stiklo valytuvas BOSCH AEROECO be rėmo, 50 cm, 1 vnt.",
    "price": "9.99",
    "price_2": null,
    "extra_info": "2 ar daugiau su –40%"
  },
  {
    "image_url": "https://cdn.barbora.lt/products/229d83ec-10cf-4435-89e0-67997238c7dc_m.png",
    "title": "Automobilio stiklo valytuvas BOSCH AEROECO be rėmo, 65 cm, 1 vnt.",
    "price": "11.99",
    "price_2": null,
    "extra_info": "2 ar daugiau su –40%"
  },
  {
    "image_url": "https://cdn.barbora.lt/products/98fb48d9-ac71-462e-9191-cb8dcc3192cb_m.png",
    "title": "Moteriškos kojinaitės IMMAGINE Italiana Lina20, universalus,visone",
    "price": "1.14",
    "price_2": "0,57€/vnt.",
    "extra_info": "–50%"
  },
  {
    "image_url": "https://cdn.barbora.lt/products/866fce4f-7ed9-4ada-a04e-b3ae60a4e25e_m.png",
    "title": "Moteriškos puskojinės IMMAGINE LINA 40, vienas dydis, 2 vnt., 2 vnt.",
    "price": "1.24",
    "price_2": "0,62€/vnt.",
    "extra_info": "–50%"
  },
  {
    "image_url": "https://cdn.barbora.lt/products/56e12bc2-e815-4ecb-a4eb-e0e93c52011a_m.png",
    "title": "Automobilių oro gaiviklis AREON PEARLS SPORT LUX SILVER, 1 vnt.",
    "price": "3.39",
    "price_2": null,
    "extra_info": "2 ar daugiau su –40%"
  },
  {
    "image_url": "https://cdn.barbora.lt/products/2b25656a-19c6-450f-af4e-b3165a3fd493_m.png",
    "title": "Automobilių oro gaiviklis AREON PEARLS SPORT LUX PLATINUM, 1 vnt.",
    "price": "3.39",
    "price_2": null,
    "extra_info": "2 ar daugiau su –40%"
  },
  {
    "image_url": "https://cdn.barbora.lt/products/f033389f-f605-4e82-b73e-1c3ced6db0b9_m.png",
    "title": "Automobilių oro gaiviklis AREON PREMIUM VERANO AZUL, 1 vnt.",
    "price": "1.79",
    "price_2": null,
    "extra_info": "2 ar daugiau su –40%"
  },
  {
    "image_url": "https://cdn.barbora.lt/products/42c09222-5036-4625-98b4-72f8a354fb32_m.png",
    "title": "Moteriškos pėdkelnės IMMAGINE Italiana Fit Up 40den 2 d., neutro",
    "price": "3.19",
    "price_2": "3,19€/vnt.",
    "extra_info": "–50%"
  },
  {
    "image_url": "https://cdn.barbora.lt/products/084fa17f-4e05-4568-89bc-99657680621b_m.png",
    "title": "Moteriškos pėdkelnės IMMAGINE FIT UP 40, 4 dydis, 1 vnt.",
    "price": "3.19",
    "price_2": "3,19€/vnt.",
    "extra_info": "–50%"
  },
  {
    "image_url": "https://cdn.barbora.lt/products/92fde2c4-f0f6-4fe7-a8af-e2efd10b782d_m.png",
    "title": "Plaukų dažai L'OREAL CASTING CREME GLOSS, Nr. 5102, 1 vnt.",
    "price": "10.59",
    "price_2": null,
    "extra_info": "2 ar daugiau su –40%"
  },
  {
    "image_url": "https://cdn.barbora.lt/products/bacf62f6-ae9e-4edc-a239-09c494bdb91d_m.png",
    "title": "L'Oréal Paris Excellence Creme plaukų daž.9.3 Very Light Golden Blonde",
    "price": "7.09",
    "price_2": "7,09€/vnt.",
    "extra_info": "–35%"
  },
  {
    "image_url": "https://cdn.barbora.lt/products/700fa41a-1da8-406d-83bd-fbbdd43a04c3_m.png",
    "title": "L'Oreal Paris Excellence Creme ilgalaikiai plaukų dažai su trejopa plaukų priežiūra, 4.15",
    "price": "7.09",
    "price_2": "7,09€/vnt.",
    "extra_info": "–35%"
  },
  {
    "image_url": "https://cdn.barbora.lt/products/f96584ae-6f2d-42aa-a16d-aa3334130bda_m.png",
    "title": "Silpnų plaukų kaukė SUPER SIBERICA, 300 ml",
    "price": "12.99",
    "price_2": null,
    "extra_info": "2 ar daugiau su –40%"
  },
  {
    "image_url": "https://cdn.barbora.lt/products/af07c813-4b0f-4eca-a3a7-19501ebe46ea_m.png",
    "title": "L'Oreal Paris Preference ilgalaikiai plaukų dažai, 4.0",
    "price": "8.75",
    "price_2": "8,75€/vnt.",
    "extra_info": "–35%"
  },
  {
    "image_url": "https://cdn.barbora.lt/products/4fae9ddd-ff92-47d4-a36d-0979703c1ba5_m.png",
    "title": "Dantų priežiūros rinkinys RAPID WHITE „BLEACHING POWER SET“, 1 vnt.",
    "price": "21.99",
    "price_2": null,
    "extra_info": "2 ar daugiau su –40%"
  },
  {
    "image_url": "https://cdn.barbora.lt/products/c7dcbfee-66c3-44f6-a9d3-ac93256320b3_m.png",
    "title": "Dažomasis plaukų kremas SYOSS COLOR, 4-15",
    "price": "8.99",
    "price_2": null,
    "extra_info": "2 ar daugiau su –40%"
  },
  {
    "image_url": "https://cdn.barbora.lt/products/b54c959d-2ee4-4192-8714-e18435637d99_m.png",
    "title": "Plaukų dažai GLISS COLOR, Nr. 3-0, 1 vnt.",
    "price": "8.99",
    "price_2": null,
    "extra_info": "2 ar daugiau su –40%"
  },
  {
    "image_url": "https://cdn.barbora.lt/products/778dde6d-7d06-4add-a074-d651723a6611_m.png",
    "title": "Plaukų dažai GLISS COLOR 5-1",
    "price": "8.99",
    "price_2": null,
    "extra_info": "2 ar daugiau su –40%"
  },
  {
    "image_url": "https://cdn.barbora.lt/products/21cc24bf-d09d-477e-ba66-aae1d0c07e0b_m.png",
    "title": "Plaukų dažai GLISS COLOR 8-0",
    "price": "8.99",
    "price_2": null,
    "extra_info": "2 ar daugiau su –40%"
  },
  {
    "image_url": "https://cdn.barbora.lt/products/db57a479-9c88-42ec-96b6-dbf672cf4cdc_m.png",
    "title": "Garnier Color Naturals 3.12, šalta ruda.",
    "price": "4.99",
    "price_2": null,
    "extra_info": "2 ar daugiau su –40%"
  },
  {
    "image_url": "https://cdn.barbora.lt/products/31fa4e1c-31f7-494f-85d7-8b13bcf3d341_m.png",
    "title": "Plaukų dažai GARNIER COLOR NATURALS, 1 vnt.",
    "price": "4.99",
    "price_2": null,
    "extra_info": "2 ar daugiau su –40%"
  },
  {
    "image_url": "https://cdn.barbora.lt/products/36a5741d-eae7-4445-8aac-e7b9e401166c_m.png",
    "title": "Vaikiškos kojinės FRIENDS , 8306,28–30,įv.sp.,3 poros",
    "price": "4.19",
    "price_2": "1,4€/vnt.",
    "extra_info": "–40%"
  },
  {
    "image_url": "https://cdn.barbora.lt/products/f41a0ff4-d01d-4769-9a38-3f834608da82_m.png",
    "title": "Vaikiškos kojinės FRIENDS , 8306,31–33,įv.sp.,3 poros",
    "price": "4.19",
    "price_2": "1,4€/vnt.",
    "extra_info": "–40%"
  },
  {
    "image_url": "https://cdn.barbora.lt/products/0cb7c50e-8601-4807-928b-6a8b3f3c845d_m.png",
    "title": "Plaukų dažai GLISS COLOR, Nr. 4-13, 1 vnt.",
    "price": "8.99",
    "price_2": null,
    "extra_info": "2 ar daugiau su –40%"
  },
  {
    "image_url": "https://cdn.barbora.lt/products/691401b0-4c9e-4ab9-b163-9e2b1c450291_m.png",
    "title": "Vytintas SERRANO kumpis ESPANA, pjaustytas, a.r., 500 g",
    "price": "16.99",
    "price_2": null,
    "extra_info": "2 ar daugiau su –20%"
  },
  {
    "image_url": "https://cdn.barbora.lt/products/4aeaae05-3d2f-4554-bd69-a14296b8892a_m.png",
    "title": "Dantų šepetėlis JORDAN EXPERT WHITE MEDIUM, 1 vnt.",
    "price": "3.69",
    "price_2": null,
    "extra_info": "2 ar daugiau su –40%"
  },
  {
    "image_url": "https://cdn.barbora.lt/products/e798ca53-e2e5-49fe-8ecd-8a3d97feab76_m.png",
    "title": "Vaikiškos kojinės FRIENDS, 3 poros, 22-24, 3 vnt.",
    "price": "4.97",
    "price_2": "1,66€/vnt.",
    "extra_info": "–40%"
  },
  {
    "image_url": "https://cdn.barbora.lt/products/c06da03c-ee65-4545-9522-93b03bc38395_m.png",
    "title": "Vaikiškos kojinės FRIENDS, 3 poros, 25-27, 3 vnt.",
    "price": "4.97",
    "price_2": "1,66€/vnt.",
    "extra_info": "–40%"
  },
  {
    "image_url": "https://cdn.barbora.lt/products/69700176-5a44-4019-8361-22354966d15d_m.png",
    "title": "Vaikiškos kojinės FRIENDS, 3 poros, 28-30, 3 vnt.",
    "price": "4.97",
    "price_2": "1,66€/vnt.",
    "extra_info": "–40%"
  },
  {
    "image_url": "https://cdn.barbora.lt/products/e728ef84-dd00-4ec9-a88b-0339a666b406_m.png",
    "title": "Vaikiškos kojinės FRIENDS, 3 poros, 31-33, 3 vnt.",
    "price": "4.97",
    "price_2": "1,66€/vnt.",
    "extra_info": "–40%"
  },
  {
    "image_url": "https://cdn.barbora.lt/products/780e3400-b695-43cd-924c-65141f785526_m.png",
    "title": "Moteriškos pėdkelnės IMMAGINE CHARME NERO 3,50 d. dydis",
    "price": "2.14",
    "price_2": "2,14€/vnt.",
    "extra_info": "–50%"
  },
  {
    "image_url": "https://cdn.barbora.lt/products/053361ac-f63c-4c47-8530-0f54546ce0d5_m.png",
    "title": "Veido balzamas NEUTROGENA HYDRO BOOST, 50ml",
    "price": "13.99",
    "price_2": "279,8€/l",
    "extra_info": "–30%"
  },
  {
    "image_url": "https://cdn.barbora.lt/products/75906f7a-6573-4751-ab5a-485c0a3413ab_m.png",
    "title": "Moteriškos pėdkelnėsORI SENSUAL 70d NERO 5 dydis",
    "price": "2.49",
    "price_2": "2,49€/vnt.",
    "extra_info": "–50%"
  },
  {
    "image_url": "https://cdn.barbora.lt/products/e1d53082-3da7-4fae-bcf8-cc07d2ddb917_m.png",
    "title": "Elektrinio dantų šepetėlio galvutės JORDAN SENSITIVE, 2 vnt.",
    "price": "14.99",
    "price_2": null,
    "extra_info": "2 ar daugiau su –40%"
  },
  {
    "image_url": "https://cdn.barbora.lt/products/ff1b4e23-0e7d-4323-827f-6e660bd61491_m.png",
    "title": "Dažomasis plaukų kremas SYOSS COLOR, Nr. 10-13, 1 vnt.",
    "price": "8.99",
    "price_2": null,
    "extra_info": "2 ar daugiau su –40%"
  },
  {
    "image_url": "https://cdn.barbora.lt/products/634bdc9e-c64f-445a-8bd9-211019826bfe_m.png",
    "title": "Dažomasis plaukų kremas SYOSS COLOR, Nr. 7-5, 1 vnt.",
    "price": "8.99",
    "price_2": null,
    "extra_info": "2 ar daugiau su –40%"
  },
  {
    "image_url": "https://cdn.barbora.lt/products/abc392ff-589e-48da-99eb-8f0883573495_m.png",
    "title": "Plaukų dažai GARNIER COLOR NATURALS, Nr. 1.10, 1 vnt.",
    "price": "4.99",
    "price_2": null,
    "extra_info": "2 ar daugiau su –40%"
  },
  {
    "image_url": "https://cdn.barbora.lt/products/2c6d0cb9-46ad-41d1-a3f4-92aa34fb0c4e_m.png",
    "title": "Automobilių oro gaiviklis LITTLE JOE MINI AMBER, 1 vnt.",
    "price": "3.99",
    "price_2": null,
    "extra_info": "2 ar daugiau su –40%"
  },
  {
    "image_url": "https://cdn.barbora.lt/products/cae07c81-f57c-4add-a38d-56bd91f7698f_m.png",
    "title": "Telefono laikiklis WESTROM, 100 x 85 x 90 mm, 1 vnt.",
    "price": "9.99",
    "price_2": null,
    "extra_info": "2 ar daugiau su –40%"
  },
  {
    "image_url": "https://cdn.barbora.lt/products/d1a8e5d0-882b-42f1-9540-d963e5993519_m.png",
    "title": "Pagalvės ir antklodės rinkinys DORMEO SIENA (200 x 200 cm), 1 vnt.",
    "price": "119.99",
    "price_2": null,
    "extra_info": "2 ar daugiau su –40%"
  },
  {
    "image_url": "https://cdn.barbora.lt/products/2fd062f8-33af-4d77-aa67-8743eb7a09d0_m.png",
    "title": "Automobilinis USB įkroviklis LIGHTNING, 1 vnt.",
    "price": "5.99",
    "price_2": null,
    "extra_info": "2 ar daugiau su –40%"
  },
  {
    "image_url": "https://cdn.barbora.lt/products/97253ae5-68f1-4ee5-b2db-9c91f26906ed_m.png",
    "title": "Automobilinis USB įkroviklis, TYPE C, 1 vnt.",
    "price": "5.99",
    "price_2": null,
    "extra_info": "2 ar daugiau su –40%"
  },
  {
    "image_url": "https://cdn.barbora.lt/products/9e48e5ef-b436-482a-a300-76bf84855137_m.png",
    "title": "Plaukų dažai L'OREAL CASTING CREME GLOSS, Nr. 418, 1 vnt.",
    "price": "10.59",
    "price_2": null,
    "extra_info": "2 ar daugiau su –40%"
  },
  {
    "image_url": "https://cdn.barbora.lt/products/8510b0f0-e2e0-4ce4-9ee1-f650467061e8_m.png",
    "title": "Plaukų dažai L'OREAL CASTING CREME GLOSS, Nr. 618, 1 vnt.",
    "price": "10.59",
    "price_2": null,
    "extra_info": "2 ar daugiau su –40%"
  },
  {
    "image_url": "https://cdn.barbora.lt/products/addb873c-a2a4-4187-97b9-6dc6c77c0402_m.png",
    "title": "Aminorūgščių maisto papildas GYMON (arbūzų skonio), 400 g",
    "price": "18.39",
    "price_2": "45,98€/kg",
    "extra_info": "–20%"
  },
  {
    "image_url": "https://cdn.barbora.lt/products/1a5bb1c1-b772-4eb6-86c8-e7675a7a06d6_m.png",
    "title": "Vaikiškos kojinės, SEVEN LEMON, 1 pora, dydis: 25-27, medvilnė",
    "price": "1.49",
    "price_2": null,
    "extra_info": "2 ar daugiau su –40%"
  },
  {
    "image_url": "https://cdn.barbora.lt/products/f81821f3-2e7c-4641-940e-88561c3ffe76_m.png",
    "title": "Vaikiškos kojinės, SEVEN LEMON, 1 pora,  37-38 dydis, medvilnė",
    "price": "1.49",
    "price_2": null,
    "extra_info": "2 ar daugiau su –40%"
  },
  {
    "image_url": "https://cdn.barbora.lt/products/3b331856-7884-417c-b15d-f592c83058b6_m.png",
    "title": "Garnier Color Naturals 112, antarktinė sidabrinė blondinė.",
    "price": "4.99",
    "price_2": null,
    "extra_info": "2 ar daugiau su –40%"
  },
  {
    "image_url": "https://cdn.barbora.lt/products/6800e092-7004-4cd8-8961-3ff21205e6a2_m.png",
    "title": "Vaikiškos pusilgės kojinės PUMA, 3 poros, 27-30 d., 3 vnt.",
    "price": "8.99",
    "price_2": null,
    "extra_info": "2 ar daugiau su –40%"
  },
  {
    "image_url": "https://cdn.barbora.lt/products/cef417bd-9e29-4e41-ae73-2c2c0dcc9aa4_m.png",
    "title": "Vaikiškos pusilgės kojinės PUMA, 3 poros, 35-38 d., 3 vnt.",
    "price": "8.99",
    "price_2": null,
    "extra_info": "2 ar daugiau su –40%"
  },
  {
    "image_url": "https://cdn.barbora.lt/products/3e9c0d4d-5010-4385-9705-e8530a1d19ee_m.png",
    "title": "Vaikiškos pusilgės kojinės PUMA, 3 poros, 27-30 d., 3 vnt.",
    "price": "8.99",
    "price_2": null,
    "extra_info": "2 ar daugiau su –40%"
  },
  {
    "image_url": "https://cdn.barbora.lt/products/44319f23-4399-4b2a-a74a-92bd8c50391c_m.png",
    "title": "Vaikiškos pusilgės kojinės PUMA, 3 poros, 3 spalvos, 31-34 d., 3 vnt.",
    "price": "8.99",
    "price_2": null,
    "extra_info": "2 ar daugiau su –40%"
  },
  {
    "image_url": "https://cdn.barbora.lt/products/5a98ba01-f320-4508-9abb-7ca4553d2598_m.png",
    "title": "Vaikiškos pusilgės kojinės PUMA, 3 poros, 35-38 d., 3 vnt.",
    "price": "8.99",
    "price_2": null,
    "extra_info": "2 ar daugiau su –40%"
  },
  {
    "image_url": "https://cdn.barbora.lt/products/324026dc-9116-498e-a47e-d36ff5bb7012_m.png",
    "title": "Vaikiškos pusilgės kojinės PUMA, 3 poros, 27-30 d., 3 vnt.",
    "price": "8.99",
    "price_2": null,
    "extra_info": "2 ar daugiau su –40%"
  },
  {
    "image_url": "https://cdn.barbora.lt/products/e6fcc329-5022-4886-bb27-8650e5264c9a_m.png",
    "title": "Vaikiškos pusilgės kojinės PUMA, 3 poros, 31-34 d., 3 vnt.",
    "price": "8.99",
    "price_2": null,
    "extra_info": "2 ar daugiau su –40%"
  },
  {
    "image_url": "https://cdn.barbora.lt/products/eebf9ee9-e9eb-4c09-969a-27e049b51aa0_m.png",
    "title": "Plaukų dažai L'OREAL EXCELLENCE UNIVERSAL NUDES, Nr. 10U, 1 vnt.",
    "price": "7.09",
    "price_2": "7,09€/vnt.",
    "extra_info": "–35%"
  },
  {
    "image_url": "https://cdn.barbora.lt/products/3a67028b-51b2-4e7d-bf82-dcc62e3e6cb1_m.png",
    "title": "L'Oréal Paris Excellence Plauku dažai Universal Nudes BLACK 1U",
    "price": "7.09",
    "price_2": "7,09€/vnt.",
    "extra_info": "–35%"
  },
  {
    "image_url": "https://cdn.barbora.lt/products/9bdc10e0-4460-48b5-9f40-fc7c3cee1642_m.png",
    "title": "L'Oréal Paris Excellence Plauku dažai Universal Nudes  DRK BR 3U",
    "price": "7.09",
    "price_2": "7,09€/vnt.",
    "extra_info": "–35%"
  },
  {
    "image_url": "https://cdn.barbora.lt/products/ec7c8ba8-d952-48cb-a5ab-70f5b9bdfa58_m.png",
    "title": "L'Oréal Paris Excellence Plauku dažai Universal Nudes  LT BLONDE 8U",
    "price": "7.09",
    "price_2": "7,09€/vnt.",
    "extra_info": "–35%"
  },
  {
    "image_url": "https://cdn.barbora.lt/products/eee6eeea-dce4-439e-9395-03e24b91b209_m.png",
    "title": "L'Oréal Paris Excellence Plauku dažai Universal Nudes  VLT BLOND 9U",
    "price": "7.09",
    "price_2": "7,09€/vnt.",
    "extra_info": "–35%"
  },
  {
    "image_url": "https://cdn.barbora.lt/products/8d157670-5bad-4fae-923d-09eb5aaade14_m.png",
    "title": "Apsauginis plaukų purškalas JOHN FRIEDA REPAIR&DETOX, 200 ml",
    "price": "12.99",
    "price_2": null,
    "extra_info": "2 ar daugiau su –40%"
  },
  {
    "image_url": "https://cdn.barbora.lt/products/464dff2c-0768-4952-a92a-c6ffa6f352b4_m.png",
    "title": "Vyriškos trumpikės SPARTA, XL",
    "price": "9.74",
    "price_2": "4,87€/vnt.",
    "extra_info": "–50%"
  },
  {
    "image_url": "https://cdn.barbora.lt/products/85a0dbd3-3c59-4838-a082-c8037857bcd4_m.png",
    "title": "Dažom. plaukų kremas PALETTE INTENSIVE COLOR CREM, Nr. 8-21, 1 vnt.",
    "price": "5.49",
    "price_2": null,
    "extra_info": "2 ar daugiau su –40%"
  },
  {
    "image_url": "https://cdn.barbora.lt/products/13d0747b-154e-4fff-aa50-9462be97899f_m.png",
    "title": "Vyriškos kojinės FRIENDS, 39-42 dydis, 3 vnt.",
    "price": "4.79",
    "price_2": "1,6€/vnt.",
    "extra_info": "–40%"
  },
  {
    "image_url": "https://cdn.barbora.lt/products/8f0e9c22-9c89-4bb2-8493-770b71575743_m.png",
    "title": "Vyriškos kojinės FRIENDS, 43-46 dydis, 3 vnt.",
    "price": "4.79",
    "price_2": "1,6€/vnt.",
    "extra_info": "–40%"
  },
  {
    "image_url": "https://cdn.barbora.lt/products/55381061-ddd9-465f-92de-711fd60b9a18_m.png",
    "title": "Vyriškos kojinės FRIENDS, 39-42 dydis, 3 vnt.",
    "price": "4.79",
    "price_2": "1,6€/vnt.",
    "extra_info": "–40%"
  },
  {
    "image_url": "https://cdn.barbora.lt/products/07a25221-c33c-4140-b550-489a18b0705d_m.png",
    "title": "Plaukų dažai SYOSS OLEO INTENSE 3-33",
    "price": "9.49",
    "price_2": null,
    "extra_info": "2 ar daugiau su –40%"
  },
  {
    "image_url": "https://cdn.barbora.lt/products/7e0b55b3-ca23-4d8f-8f97-6c386f0cdcb3_m.png",
    "title": "Plaukų dažai SYOSS COLOR GLOW PLATINUM, 100 ml",
    "price": "8.99",
    "price_2": null,
    "extra_info": "2 ar daugiau su –40%"
  },
  {
    "image_url": "https://cdn.barbora.lt/products/0fcff7b8-1463-405c-bfd0-84adaad97951_m.png",
    "title": "Plaukų dažai SYOSS COLOR GLOW DEEP BRUNETTE, 100 ml",
    "price": "8.99",
    "price_2": null,
    "extra_info": "2 ar daugiau su –40%"
  },
  {
    "image_url": "https://cdn.barbora.lt/products/00fcc5a5-e0a6-4525-abad-d67f1870a041_m.png",
    "title": "Plauk.daž.SYOSS COLOR GLOW TONER COPPER",
    "price": "8.99",
    "price_2": null,
    "extra_info": "2 ar daugiau su –40%"
  },
  {
    "image_url": "https://cdn.barbora.lt/products/987197ef-152e-4503-a0f0-149e46b69ed9_m.png",
    "title": "Elektrinis dantų šepetėlis JORDAN CLEAN SMILE su dėklu, 1 vnt.",
    "price": "32.99",
    "price_2": null,
    "extra_info": "2 ar daugiau su –40%"
  },
  {
    "image_url": "https://cdn.barbora.lt/products/09ab2d7a-b0a1-4c52-acb1-fbc9d0730960_m.png",
    "title": "Oro gaiviklis ROTZ MOONLIGHT RIVER, 1 vnt.",
    "price": "2.99",
    "price_2": null,
    "extra_info": "2 ar daugiau su –40%"
  },
  {
    "image_url": "https://cdn.barbora.lt/products/2b9fc7af-e526-4b12-b838-cca6732a5878_m.png",
    "title": "Botanic Therapy Hair Remedy Castor Oil & Almond kaukė, 340 ml",
    "price": "8.99",
    "price_2": null,
    "extra_info": "2 ar daugiau su –40%"
  },
  {
    "image_url": "https://cdn.barbora.lt/products/aabde3fd-58c4-408e-bef5-e64df0153dfe_m.png",
    "title": "Vyriškos kojinės FRIENDS, 6314,39–42,2 poros",
    "price": "4.19",
    "price_2": "2,1€/vnt.",
    "extra_info": "–40%"
  },
  {
    "image_url": "https://cdn.barbora.lt/products/81f30efe-b3b4-48f0-a022-47238fa1cb5c_m.png",
    "title": "Plaukų šampūnas GARNIER FRUCTIS HAIR, 350 ml",
    "price": "7.99",
    "price_2": null,
    "extra_info": "2 ar daugiau su –40%"
  },
  {
    "image_url": "https://cdn.barbora.lt/products/2e484585-2ffd-4790-b572-1560cc056165_m.png",
    "title": "Moteriškos pėdkelnės IMMAGINE TUTO NUDO NATURE, 20 den.,5 d., 1 vnt.",
    "price": "1.99",
    "price_2": "1,99€/vnt.",
    "extra_info": "–50%"
  },
  {
    "image_url": "https://cdn.barbora.lt/products/dc2511ab-7994-420b-95ce-7b30d7b4cd69_m.png",
    "title": "Moteriškos pėdkelnės IMMAGINE TUTO NUDO NATURE, 20 den.,2 d., 1 vnt.",
    "price": "1.99",
    "price_2": "1,99€/vnt.",
    "extra_info": "–50%"
  },
  {
    "image_url": "https://cdn.barbora.lt/products/691943b4-acda-4d83-b48f-c236b212c7fb_m.png",
    "title": "Moteriškos pėdkelnės IMMAGINE TUTO NUDO NEUTRO, 20 den.,5 d., 1 vnt.",
    "price": "1.99",
    "price_2": "1,99€/vnt.",
    "extra_info": "–50%"
  },
  {
    "image_url": "https://cdn.barbora.lt/products/51227ad4-f68f-407f-ab35-77ee1d95310e_m.png",
    "title": "Moteriškos pėdkelnės IMMAGINE TUTO NUDO 20 NERO 4 d., 1 vnt.",
    "price": "1.99",
    "price_2": "1,99€/vnt.",
    "extra_info": "–50%"
  },
  {
    "image_url": "https://cdn.barbora.lt/products/4b4e1dc6-f9ca-4f0d-a16e-57fd8a35309c_m.png",
    "title": "Moteriškos pėdkelnės IMMAGINE TUTO NUDO 20 NERO 2 d., 1 vnt.",
    "price": "1.99",
    "price_2": "1,99€/vnt.",
    "extra_info": "–50%"
  },
  {
    "image_url": "https://cdn.barbora.lt/products/7a95555f-43a6-4b56-9449-bb81c5e70e80_m.png",
    "title": "Moteriškos pėdkelnės IMMAGINE TUTO NUDO 20 NERO 3 d., 1 vnt.",
    "price": "1.99",
    "price_2": "1,99€/vnt.",
    "extra_info": "–50%"
  },
  {
    "image_url": "https://cdn.barbora.lt/products/c9465104-943f-4210-8984-46fbba619050_m.png",
    "title": "Moteriškos pėdkelnės IMMAGINE TUTO NUDO 20 NEUTRO 2 d., 1 vnt.",
    "price": "1.99",
    "price_2": "1,99€/vnt.",
    "extra_info": "–50%"
  },
  {
    "image_url": "https://cdn.barbora.lt/products/f4bf45f8-a283-4a19-972a-77b850743623_m.png",
    "title": "Plaukų dažai SYOSS OLEO INTENSE, Nr. 6-54, 1 vnt.",
    "price": "9.49",
    "price_2": null,
    "extra_info": "2 ar daugiau su –40%"
  },
  {
    "image_url": "https://cdn.barbora.lt/products/e71646c5-037b-4411-93d8-b24220bd4e45_m.png",
    "title": "Plaukų dažai SYOSS OLEO INTENSE 5-54",
    "price": "9.49",
    "price_2": null,
    "extra_info": "2 ar daugiau su –40%"
  },
  {
    "image_url": "https://cdn.barbora.lt/products/93fad9f2-eb4b-4c80-b85d-d8ae2c55877a_m.png",
    "title": "Automobilių oro gaiviklis AMBI PUR OCEAN, 2 vnt., 2 vnt.",
    "price": "9.49",
    "price_2": null,
    "extra_info": "2 ar daugiau su –40%"
  },
  {
    "image_url": "https://cdn.barbora.lt/products/1f2cb330-c495-4724-ac89-dd9ec5297575_m.png",
    "title": "Plaukų dažai PALETTE INTENSIVE COLOR CREME 5-1",
    "price": "5.49",
    "price_2": null,
    "extra_info": "2 ar daugiau su –40%"
  },
  {
    "image_url": "https://cdn.barbora.lt/products/2694af6a-0067-4e0c-bf60-5f11dfd2ae28_m.png",
    "title": "Pl.daž.PALETTE INTENSIVE COLOR CREME[9-1",
    "price": "5.49",
    "price_2": null,
    "extra_info": "2 ar daugiau su –40%"
  },
  {
    "image_url": "https://cdn.barbora.lt/products/d476c47a-bc85-48ca-a47c-49970e79eff1_m.png",
    "title": "Plaukų dažai SYOSS OLEO INTENSE, Nr. 12-00, 1 vnt.",
    "price": "9.49",
    "price_2": null,
    "extra_info": "2 ar daugiau su –40%"
  },
  {
    "image_url": "https://cdn.barbora.lt/products/96cb1fdc-8e45-478c-8d14-4422581f9a04_m.png",
    "title": "Salono apdailos valiklis ROTZ, 500ml",
    "price": "2.99",
    "price_2": null,
    "extra_info": "2 ar daugiau su –40%"
  },
  {
    "image_url": "https://cdn.barbora.lt/products/d62cd53c-8cec-4848-aaef-3e1afcfb2dd7_m.png",
    "title": "Variklių valiklis ROTZ, 500ml",
    "price": "2.99",
    "price_2": null,
    "extra_info": "2 ar daugiau su –40%"
  },
  {
    "image_url": "https://cdn.barbora.lt/products/763a10eb-6bc9-4168-9004-5b7e82d21d24_m.png",
    "title": "Šampūnas su vašku ROTZ",
    "price": "2.99",
    "price_2": null,
    "extra_info": "2 ar daugiau su –40%"
  },
  {
    "image_url": "https://cdn.barbora.lt/products/9337c7d5-3e2a-4351-a9ca-b4643ab5d9f6_m.png",
    "title": "Belaidis dulkių siurblys ROTZ, 2000 mAh",
    "price": "19.99",
    "price_2": null,
    "extra_info": "2 ar daugiau su –40%"
  },
  {
    "image_url": "https://cdn.barbora.lt/products/775f70bd-db3b-4672-aa8a-ca01c84d930d_m.png",
    "title": "Elektrinis dantų šepetėlis ORAL-B iO3, Ice Blue, 1 vnt.",
    "price": "129",
    "price_2": null,
    "extra_info": "2 ar daugiau su –40%"
  },
  {
    "image_url": "https://cdn.barbora.lt/products/d1a99763-80f4-4e38-8ced-4e97bcbe6afa_m.png",
    "title": "Moteriškos pėdkelnės IMG RELAC 50 neutro 3 dydis",
    "price": "2.49",
    "price_2": "2,49€/vnt.",
    "extra_info": "–50%"
  },
  {
    "image_url": "https://cdn.barbora.lt/products/9633ce94-adcb-43d7-a1b7-a80040200728_m.png",
    "title": "Moteriškos pėdkelnės IMG RELAX 50 antracitas 2 dydis",
    "price": "2.49",
    "price_2": "2,49€/vnt.",
    "extra_info": "–50%"
  },
  {
    "image_url": "https://cdn.barbora.lt/products/c9b7b2c4-7c9e-4dfa-af5e-36952c84ce84_m.png",
    "title": "Moteriškos pėdkelnės IMG RELAX 50 antracitas 4 dydis",
    "price": "2.49",
    "price_2": "2,49€/vnt.",
    "extra_info": "–50%"
  },
  {
    "image_url": "https://cdn.barbora.lt/products/ae910177-7603-4420-8551-5c7b15846c8d_m.png",
    "title": "Moteriškos pėdkelnės IMG RELAX 50 nero 2 dydis",
    "price": "2.49",
    "price_2": "2,49€/vnt.",
    "extra_info": "–50%"
  },
  {
    "image_url": "https://cdn.barbora.lt/products/7147deaa-c516-4459-b7bb-1fb347b939db_m.png",
    "title": "Moteriškos pėdkelnės IMG RELAX 50 NERO 5 dydis",
    "price": "2.49",
    "price_2": "2,49€/vnt.",
    "extra_info": "–50%"
  },
  {
    "image_url": "https://cdn.barbora.lt/products/788861c6-9af2-46f1-b60d-d2a0310aaefa_m.png",
    "title": "Dantų pasta PEARL DROPS LASTING FLAWLESS, 75 ml",
    "price": "4.99",
    "price_2": null,
    "extra_info": "2 ar daugiau su –40%"
  },
  {
    "image_url": "https://cdn.barbora.lt/products/848b0b6c-2e58-4c80-bacd-dc710142d179_m.png",
    "title": "Moteriškos pėdkelnėsIMMAGINE RELAX 70d ANTRACITE 3 dydis",
    "price": "2.64",
    "price_2": "2,64€/vnt.",
    "extra_info": "–50%"
  },
  {
    "image_url": "https://cdn.barbora.lt/products/6103ea02-b9b0-4cc2-af10-0f59c1ef075b_m.png",
    "title": "Moteriškos pėdkelnės ORI MIRACLE NERO, 2 dydis, 40 denų, 1 vnt.",
    "price": "4.49",
    "price_2": "4,49€/vnt.",
    "extra_info": "–50%"
  },
  {
    "image_url": "https://cdn.barbora.lt/products/51b8fe31-4980-40a5-a432-a7997085fe29_m.png",
    "title": "Moteriškos pėdkelnės ORI MIRACLE 40 , 2 dydis, neutro",
    "price": "4.49",
    "price_2": "4,49€/vnt.",
    "extra_info": "–50%"
  },
  {
    "image_url": "https://cdn.barbora.lt/products/86f35eb8-1b71-41ed-a1ea-aaeb713da4e5_m.png",
    "title": "Moteriškos pėdkelnės ORI MIRACLE 40 , 4 dydis, nero",
    "price": "4.49",
    "price_2": "4,49€/vnt.",
    "extra_info": "–50%"
  },
  {
    "image_url": "https://cdn.barbora.lt/products/f7271d5e-05d0-4a17-95e2-d7c79a19d7ee_m.png",
    "title": "Moteriškos sportinės kojinės FRIENDS, 7317,39–42,balta, 2 poros",
    "price": "4.19",
    "price_2": "2,1€/vnt.",
    "extra_info": "–40%"
  },
  {
    "image_url": "https://cdn.barbora.lt/products/b9c872cc-f26a-4d44-8206-13cfe1b2581f_m.png",
    "title": "Moteriškos sportinės kojinės FRIENDS, 7317,35–38,balta,2 poros",
    "price": "4.19",
    "price_2": "2,1€/vnt.",
    "extra_info": "–40%"
  },
  {
    "image_url": "https://cdn.barbora.lt/products/99832fd3-315d-4682-84af-f822d831b010_m.png",
    "title": "NIVEA MEN HYALURON drėkinantis akių srities kremas, 15 ml",
    "price": "7.49",
    "price_2": "499,33€/l",
    "extra_info": "–50%"
  },
  {
    "image_url": "https://cdn.barbora.lt/products/9b3737ba-f7b7-4eff-b330-a16d1636b635_m.png",
    "title": "NIVEA CELLULAR LUMINOUS 630® ANTISPOT serumas, 30 ml",
    "price": "12.59",
    "price_2": "419,67€/l",
    "extra_info": "–50%"
  },
  {
    "image_url": "https://cdn.barbora.lt/products/b9c868f4-c157-4a45-99b7-a9557b47c385_m.png",
    "title": "Elektrinis dantų šepetėlis ORAL-B IO5MATT BLACK, 1 vnt.",
    "price": "188.99",
    "price_2": null,
    "extra_info": "2 ar daugiau su –40%"
  },
  {
    "image_url": "https://cdn.barbora.lt/products/7789e683-06c0-4c95-99fb-0324ce5e0ef6_m.png",
    "title": "XADO Atomic Oil variklinė alyva 5W-30 C3 Pro RED BOOST (skardinė 1L)",
    "price": "16.99",
    "price_2": null,
    "extra_info": "2 ar daugiau su –40%"
  },
  {
    "image_url": "https://cdn.barbora.lt/products/c41e0ece-2aad-4220-8127-6fea37f2b322_m.png",
    "title": "XADO Atomic Oil variklinė alyva 5W-30 C3 Pro RED BOOST (skardinė 4L)",
    "price": "65.99",
    "price_2": null,
    "extra_info": "2 ar daugiau su –40%"
  },
  {
    "image_url": "https://cdn.barbora.lt/products/875d6011-4ddc-4d61-b746-63156823b321_m.png",
    "title": "AREON SPECIAL AURUM AURA AUTO GAIVIKLIS",
    "price": "1.49",
    "price_2": null,
    "extra_info": "2 ar daugiau su –40%"
  },
  {
    "image_url": "https://cdn.barbora.lt/products/19fa959b-e2fc-4e40-b4af-877d6f55cb0b_m.png",
    "title": "AREON SPECIAL ARISTOCRAT AUTO GAIVIKLIS",
    "price": "1.49",
    "price_2": null,
    "extra_info": "2 ar daugiau su –40%"
  },
  {
    "image_url": "https://cdn.barbora.lt/products/080331c6-422a-4075-adca-eb69a366e76b_m.png",
    "title": "Elektrinis dantų šepetėlis ORAL-B Pro 1, Caribbean Blue, 1 vnt.",
    "price": "69.99",
    "price_2": null,
    "extra_info": "2 ar daugiau su –40%"
  },
  {
    "image_url": "https://cdn.barbora.lt/products/3ba024f1-0786-44ff-9cd9-b711daa6d7b4_m.png",
    "title": "Auto oro gaiviklis ROTZ zen infusion",
    "price": "1.19",
    "price_2": null,
    "extra_info": "2 ar daugiau su –40%"
  },
  {
    "image_url": "https://cdn.barbora.lt/products/b740c7a3-ed14-4391-9e1a-325c6798988c_m.png",
    "title": "Automobilių oro gaiviklis ROTZ BLACK",
    "price": "1.79",
    "price_2": null,
    "extra_info": "2 ar daugiau su –40%"
  },
  {
    "image_url": "https://cdn.barbora.lt/products/a8632951-d1d2-4814-8271-335e236449ad_m.png",
    "title": "Automobilių oro gaiviklis ROTZ WILD WATER",
    "price": "1.79",
    "price_2": null,
    "extra_info": "2 ar daugiau su –40%"
  },
  {
    "image_url": "https://cdn.barbora.lt/products/8b0f2224-98e6-46ab-bcf4-b512f16318e0_m.png",
    "title": "Automobilių oro gaiviklis ROTZ BLACK NOIR, 1 vnt.",
    "price": "2.49",
    "price_2": null,
    "extra_info": "2 ar daugiau su –40%"
  },
  {
    "image_url": "https://cdn.barbora.lt/products/836212a6-3d0d-4e0e-acd6-be00fa4ec18f_m.png",
    "title": "Automobilių oro gaiviklis ROTZ CLOUDBEERY, 1 vnt.",
    "price": "2.49",
    "price_2": null,
    "extra_info": "2 ar daugiau su –40%"
  },
  {
    "image_url": "https://cdn.barbora.lt/products/5c38e365-8038-4999-9343-2d1a8db31156_m.png",
    "title": "Plaukų šampūnas MAUI su kokosų pienu, garban.385ml",
    "price": "13.99",
    "price_2": null,
    "extra_info": "2 ar daugiau su –40%"
  },
  {
    "image_url": "https://cdn.barbora.lt/products/71319b00-887b-4317-bf73-6de66097a544_m.png",
    "title": "Plaukų kondicionierius MAUI su kokosų pienu garbanotiems, 385 ml",
    "price": "13.99",
    "price_2": null,
    "extra_info": "2 ar daugiau su –40%"
  },
  {
    "image_url": "https://cdn.barbora.lt/products/14412a73-952c-43a3-9f43-27a1b4f0ff43_m.png",
    "title": "Plaukų šampūnas, MAUI su kokosų pienu, 385ml",
    "price": "13.99",
    "price_2": null,
    "extra_info": "2 ar daugiau su –40%"
  },
  {
    "image_url": "https://cdn.barbora.lt/products/2f98bfe8-0f8f-4318-951c-82288f3f9b48_m.png",
    "title": "Plaukų šampūnas MAUI su kinrožių vandeniu, 385ml",
    "price": "13.99",
    "price_2": null,
    "extra_info": "2 ar daugiau su –40%"
  },
  {
    "image_url": "https://cdn.barbora.lt/products/75a6bd07-82fd-4490-a50f-0660e4687b7b_m.png",
    "title": "Nerūgšt. ratlankių valiklis ROTZ, 500ml",
    "price": "4.29",
    "price_2": null,
    "extra_info": "2 ar daugiau su –40%"
  },
  {
    "image_url": "https://cdn.barbora.lt/products/f2919b7a-0f90-43d6-b15e-c89c113abbb3_m.png",
    "title": "Plaukų kondicionierius FAITH IN NATURE LEVANDER&GERANIUM, 400 ml",
    "price": "6.29",
    "price_2": "15,73€/l",
    "extra_info": "–30%"
  },
  {
    "image_url": "https://cdn.barbora.lt/products/bcc160ff-ffb1-4c3d-b541-11f21919f25c_m.png",
    "title": "Plaukų kondicionierius FAITH IN NATURE GRAPEFRUIT&ORANGE, 400 ml",
    "price": "6.29",
    "price_2": "15,73€/l",
    "extra_info": "–30%"
  },
  {
    "image_url": "https://cdn.barbora.lt/products/8f383cd7-8811-4a18-9981-3ded608aac29_m.png",
    "title": "Plaukų dažai L'OREAL PREFERENCE, Nr. 02, 1 vnt.",
    "price": "8.75",
    "price_2": "8,75€/vnt.",
    "extra_info": "–35%"
  },
  {
    "image_url": "https://cdn.barbora.lt/products/00639b5e-ab2b-42d2-bf13-990ce65cda50_m.png",
    "title": "Plaukų dažai SYOSS, Nr. 3-89, 1 vnt.",
    "price": "8.99",
    "price_2": null,
    "extra_info": "2 ar daugiau su –40%"
  },
  {
    "image_url": "https://cdn.barbora.lt/products/aee823ea-34b6-4baf-a1f7-529505031a14_m.png",
    "title": "Plaukų dažai SYOSS, Nr. 12-53, 1 vnt.",
    "price": "8.99",
    "price_2": null,
    "extra_info": "2 ar daugiau su –40%"
  },
  {
    "image_url": "https://cdn.barbora.lt/products/dafe9bcc-80b1-4d4a-b952-0fc9d12c38a0_m.png",
    "title": "Plaukų dažai L'OREAL PREFERENCE, Nr. 01, 1 vnt.",
    "price": "8.75",
    "price_2": "8,75€/vnt.",
    "extra_info": "–35%"
  },
  {
    "image_url": "https://cdn.barbora.lt/products/02c8a133-efcc-4d8a-b0f0-eda1b0e328a4_m.png",
    "title": "Plaukų priemonė GARNIER FRUCTIS, 200 ml",
    "price": "8.99",
    "price_2": null,
    "extra_info": "2 ar daugiau su –40%"
  },
  {
    "image_url": "https://cdn.barbora.lt/products/57150e13-e250-470e-8c90-3a6caa9e552f_m.png",
    "title": "Plaukų paruošiamasis šampūnas GARNIER FRUCTIS CURLS METHOD, 200 ml",
    "price": "10.99",
    "price_2": null,
    "extra_info": "2 ar daugiau su –40%"
  },
  {
    "image_url": "https://cdn.barbora.lt/products/eaa7bf1d-87de-4fd2-9672-91eeacdf2fb9_m.png",
    "title": "GYMON aminorūgščių maisto papildas, vynuogių skonio, 400 g",
    "price": "18.39",
    "price_2": "45,98€/kg",
    "extra_info": "–20%"
  },
  {
    "image_url": "https://cdn.barbora.lt/products/76257580-d6ec-4e6d-9ca8-bbc09695188f_m.png",
    "title": "Oro gaiviklis ROTZ BEYOND BLUE",
    "price": "2.99",
    "price_2": null,
    "extra_info": "2 ar daugiau su –40%"
  },
  {
    "image_url": "https://cdn.barbora.lt/products/1c0c979e-07d5-44a5-850b-b46163427cfd_m.png",
    "title": "Oro gaiviklis ROTZ NOBLE FRUIT",
    "price": "2.99",
    "price_2": null,
    "extra_info": "2 ar daugiau su –40%"
  },
  {
    "image_url": "https://cdn.barbora.lt/products/fa5e9af1-6a97-4b8a-bd1d-e8dc21582415_m.png",
    "title": "Oro gaiviklis ROTZ SWEET MIRAGE",
    "price": "2.99",
    "price_2": null,
    "extra_info": "2 ar daugiau su –40%"
  },
  {
    "image_url": "https://cdn.barbora.lt/products/c922097e-dc8f-479a-b249-37336522c56f_m.png",
    "title": "Plaukų šampūnas HEAD&SHOULDERS CITRUS, 500 ml",
    "price": "9.59",
    "price_2": null,
    "extra_info": "2 ar daugiau su –40%"
  },
  {
    "image_url": "https://cdn.barbora.lt/products/a0289551-d1f2-4dfe-9f5d-0aaf8563e29a_m.png",
    "title": "Vairo stiprintuvo skystis ROTZ, 1l",
    "price": "5.99",
    "price_2": null,
    "extra_info": "2 ar daugiau su –40%"
  },
  {
    "image_url": "https://cdn.barbora.lt/products/5fd117d2-0fb8-4a31-8397-a4a8ec00378e_m.png",
    "title": "Garnier Color Naturals 5.34, auksinio atspalvio kaštoninė ruda.",
    "price": "4.99",
    "price_2": null,
    "extra_info": "2 ar daugiau su –40%"
  },
  {
    "image_url": "https://cdn.barbora.lt/products/e96cdf1a-846d-4f8c-ba93-0d94f2156a80_m.png",
    "title": "LACALT FIX NEUTRAL lipnus protezų kremas",
    "price": "4.49",
    "price_2": "112,25€/kg",
    "extra_info": "–36%"
  },
  {
    "image_url": "https://cdn.barbora.lt/products/2a6757c0-6bce-4659-9cb7-4773e7a4a407_m.png",
    "title": "JORDAN „Clinic Fluoride Protection“ burnos skalavimo skystis, 500 ml",
    "price": "7.29",
    "price_2": null,
    "extra_info": "2 ar daugiau su –40%"
  },
  {
    "image_url": "https://cdn.barbora.lt/products/f7f6ea0c-713d-4153-a791-e8030c11d7fb_m.png",
    "title": "JORDAN „Clinic Gum Protector“ burnos skalavimo skystis , 500 ml",
    "price": "7.29",
    "price_2": null,
    "extra_info": "2 ar daugiau su –40%"
  },
  {
    "image_url": "https://cdn.barbora.lt/products/d80411c4-8042-4f91-97c1-087845734b50_m.png",
    "title": "Garnier Olia 10.1, labai šviesi pelenų blondinė.",
    "price": "9.49",
    "price_2": null,
    "extra_info": "2 ar daugiau su –40%"
  },
  {
    "image_url": "https://cdn.barbora.lt/products/64f59619-0e30-4bbf-a958-f2cd7ebc7853_m.png",
    "title": "Garnier Olia 7.13, smėlio tamsi blondinė.",
    "price": "9.49",
    "price_2": null,
    "extra_info": "2 ar daugiau su –40%"
  },
  {
    "image_url": "https://cdn.barbora.lt/products/ba221deb-3e0b-4f94-854e-b9583c3bab5e_m.png",
    "title": "Garnier Olia 8.31, auksinė pelenų blondinė.",
    "price": "9.49",
    "price_2": null,
    "extra_info": "2 ar daugiau su –40%"
  },
  {
    "image_url": "https://cdn.barbora.lt/products/b8e585cd-1c1a-4a58-8cc7-33e5d01506bd_m.png",
    "title": "Garnier Olia 7.3, auksinė tamsi blondinė.",
    "price": "9.49",
    "price_2": null,
    "extra_info": "2 ar daugiau su –40%"
  },
  {
    "image_url": "https://cdn.barbora.lt/products/d0c34dd8-0a74-4c57-9dcf-a9795c3a2cd7_m.png",
    "title": "AREON XPERIENCE blac krystal auto gaiviklis",
    "price": "3.99",
    "price_2": null,
    "extra_info": "2 ar daugiau su –40%"
  },
  {
    "image_url": "https://cdn.barbora.lt/products/4f8cc6cd-fdfb-42fc-8eb9-461403af0c34_m.png",
    "title": "AREON XPERIENCE NEW CAR AUTO GAIVIKLIS",
    "price": "3.99",
    "price_2": null,
    "extra_info": "2 ar daugiau su –40%"
  },
  {
    "image_url": "https://cdn.barbora.lt/products/326085cf-e6bd-4db3-a4a2-b08ac312a584_m.png",
    "title": "Plaukų dažai GARNIER OLIA, Nr. 9G, 1 vnt.",
    "price": "9.49",
    "price_2": null,
    "extra_info": "2 ar daugiau su –40%"
  },
  {
    "image_url": "https://cdn.barbora.lt/products/e6fc0074-5c0e-4b1f-8fd6-f69754b05505_m.png",
    "title": "Plaukų dažai GARNIER OLIA, Nr. 5.35, 1 vnt.",
    "price": "9.49",
    "price_2": null,
    "extra_info": "2 ar daugiau su –40%"
  },
  {
    "image_url": "https://cdn.barbora.lt/products/9af770b5-cc71-479a-9925-cce1004a1b61_m.png",
    "title": "Plaukų dažai GARNIER OLIA, Nr. 3.0, 1 vnt.",
    "price": "9.49",
    "price_2": null,
    "extra_info": "2 ar daugiau su –40%"
  },
  {
    "image_url": "https://cdn.barbora.lt/products/a62b563c-c5fd-4ff9-8e96-c6c9eb930c90_m.png",
    "title": "Plaukų dažai GARNIER OLIA, Nr. 10.0, 1 vnt.",
    "price": "9.49",
    "price_2": null,
    "extra_info": "2 ar daugiau su –40%"
  },
  {
    "image_url": "https://cdn.barbora.lt/products/81056983-0827-4d95-8dd1-ee09bf22b057_m.png",
    "title": "Plaukų dažai GARNIER OLIA, Nr. 6.35, 1 vnt.",
    "price": "9.49",
    "price_2": null,
    "extra_info": "2 ar daugiau su –40%"
  },
  {
    "image_url": "https://cdn.barbora.lt/products/23fcdb65-76d3-4c17-9c41-a607d0227183_m.png",
    "title": "Plaukų dažai GARNIER OLIA, Nr. 7.0, 1 vnt.",
    "price": "9.49",
    "price_2": null,
    "extra_info": "2 ar daugiau su –40%"
  },
  {
    "image_url": "https://cdn.barbora.lt/products/6c6b3fe7-e4d8-480c-ae08-885b62ded73d_m.png",
    "title": "Plaukų dažai GARNIER OLIA, Nr. 9.11, 1 vnt.",
    "price": "9.49",
    "price_2": null,
    "extra_info": "2 ar daugiau su –40%"
  },
  {
    "image_url": "https://cdn.barbora.lt/products/9ecf5410-e61b-4ae1-b1fd-0bc9fa4af447_m.png",
    "title": "Garnier Color Naturals 7.3, natūrali auksinė blondinė.",
    "price": "4.99",
    "price_2": null,
    "extra_info": "2 ar daugiau su –40%"
  },
  {
    "image_url": "https://cdn.barbora.lt/products/40440a00-103c-4f1e-8758-e732e2bfa5d1_m.png",
    "title": "Plaukų šampūnas HEAD&SHOULDERS Men Ultra Anti-Hairfall, 330 ml",
    "price": "9.29",
    "price_2": null,
    "extra_info": "2 ar daugiau su –40%"
  },
  {
    "image_url": "https://cdn.barbora.lt/products/865d5600-a418-453e-89b9-b7aebf4ce4f7_m.png",
    "title": "Plaukų kondicionierius MAUI su bambuko pluoštu, 385ml",
    "price": "13.99",
    "price_2": null,
    "extra_info": "2 ar daugiau su –40%"
  },
  {
    "image_url": "https://cdn.barbora.lt/products/161fc86c-0817-4cc5-8949-a70a035feca2_m.png",
    "title": "Plaukų šampūnas MAUI su bambuko pluoštu, 385ml",
    "price": "13.99",
    "price_2": null,
    "extra_info": "2 ar daugiau su –40%"
  },
  {
    "image_url": "https://cdn.barbora.lt/products/097183a8-f596-4a7b-9849-62d47310d379_m.png",
    "title": "Moteriškos pėdkelnės IMMAGINE Italiana art. LEA 20 NEUTRO 4 d.",
    "price": "1.49",
    "price_2": "1,49€/vnt.",
    "extra_info": "–50%"
  },
  {
    "image_url": "https://cdn.barbora.lt/products/b82d98ed-60f5-4b11-8aef-3b16ce049fab_m.png",
    "title": "Moteriškos pėdkelnės ORI SUIT BODY 40, 4 dydis, antracite",
    "price": "3.79",
    "price_2": "3,79€/vnt.",
    "extra_info": "–50%"
  },
  {
    "image_url": "https://cdn.barbora.lt/products/ce6596b8-f22f-40b7-a31f-1344b1d07eb1_m.png",
    "title": "Moteriškos pėdkelnės ORI SUIT BODY 40 , 4 dydis, neutro",
    "price": "3.79",
    "price_2": "3,79€/vnt.",
    "extra_info": "–50%"
  },
  {
    "image_url": "https://cdn.barbora.lt/products/37763eb2-6477-4852-a52b-3cefe26dbb19_m.png",
    "title": "Moteriškos pėdkelnės IMMAGINE Italiana art. LEA 20 NERO 2 d.",
    "price": "1.49",
    "price_2": "1,49€/vnt.",
    "extra_info": "–50%"
  },
  {
    "image_url": "https://cdn.barbora.lt/products/b80b10f5-d815-43a4-925d-3a70cf069b22_m.png",
    "title": "Moteriškos pėdkelnės IMMAGINE Italiana art. LEA 20 NEUTRO 2 d.",
    "price": "1.49",
    "price_2": "1,49€/vnt.",
    "extra_info": "–50%"
  },
  {
    "image_url": "https://cdn.barbora.lt/products/9f0ac5b6-263e-4596-9436-f009f22f7184_m.png",
    "title": "Moteriškos pėdkelnės IMMAGINE Italiana art. LEA 20 NEUTRO 5 d.",
    "price": "1.49",
    "price_2": "1,49€/vnt.",
    "extra_info": "–50%"
  },
  {
    "image_url": "https://cdn.barbora.lt/products/2a930537-c682-4688-a40b-c74fd68cbe84_m.png",
    "title": "Moteriškos pėdkelnės IMMAGINE Italiana art. LEA 20 VISONE 3 d.",
    "price": "1.49",
    "price_2": "1,49€/vnt.",
    "extra_info": "–50%"
  },
  {
    "image_url": "https://cdn.barbora.lt/products/2878003b-ada4-40a8-9186-799688515a3f_m.png",
    "title": "Moteriškos pėdkelnės ORI CROSS UP BODY 40, 5 dydis, d.gray",
    "price": "3.49",
    "price_2": "3,49€/vnt.",
    "extra_info": "–50%"
  },
  {
    "image_url": "https://cdn.barbora.lt/products/bc9940dc-6a64-4685-9c65-3f008409a49f_m.png",
    "title": "Moteriškos pėdkelnės ORI CROSS UP BODY 40, 4 dydis, neutro",
    "price": "3.49",
    "price_2": "3,49€/vnt.",
    "extra_info": "–50%"
  },
  {
    "image_url": "https://cdn.barbora.lt/products/04014f72-30b6-4d9f-abdd-8a838f2a3d2f_m.png",
    "title": "Moteriškos pėdkelnės IMMAGINE Italiana art. LEA 20 NERO 5 d.",
    "price": "1.49",
    "price_2": "1,49€/vnt.",
    "extra_info": "–50%"
  },
  {
    "image_url": "https://cdn.barbora.lt/products/c79830fd-5a6e-42b0-91f9-8748b51db8ee_m.png",
    "title": "Moteriškos pėdkelnės IMMAGINE Italiana art. LEA 20 NEUTRO 3 d.",
    "price": "1.49",
    "price_2": "1,49€/vnt.",
    "extra_info": "–50%"
  },
  {
    "image_url": "https://cdn.barbora.lt/products/bab9cf05-e13c-4808-9f2b-8e78da027fa9_m.png",
    "title": "Moteriškos pėdkelnės IMMAGINE Italiana art. LEA 20 VISONE 2 d.",
    "price": "1.49",
    "price_2": "1,49€/vnt.",
    "extra_info": "–50%"
  },
  {
    "image_url": "https://cdn.barbora.lt/products/0a56337a-7e6a-4d87-95a8-0d1df420b86c_m.png",
    "title": "Moteriškos pėdkelnės IMMAGINE Italiana art. LEA 20 VISONE 4 d.",
    "price": "1.49",
    "price_2": "1,49€/vnt.",
    "extra_info": "–50%"
  },
  {
    "image_url": "https://cdn.barbora.lt/products/be2890e1-f8b2-47a1-97e0-b6b8ed1c58ae_m.png",
    "title": "Moteriškos pėdkelnės ORI CROSS UP BODY 40 , 4 dydis, nero",
    "price": "3.49",
    "price_2": "3,49€/vnt.",
    "extra_info": "–50%"
  },
  {
    "image_url": "https://cdn.barbora.lt/products/045a4fa3-becc-4c2d-97c1-af6661bb3449_m.png",
    "title": "Moteriškos pėdkelnės ORI CROSS UP BODY 40, 5 dydis, neutro",
    "price": "3.49",
    "price_2": "3,49€/vnt.",
    "extra_info": "–50%"
  },
  {
    "image_url": "https://cdn.barbora.lt/products/5ee8497e-f325-4096-86ab-06f7685dd136_m.png",
    "title": "Moteriškos pėdkelnės SUIT BODY 40 ATRACITE, 5 dydis, 1 vnt.",
    "price": "3.79",
    "price_2": "3,79€/vnt.",
    "extra_info": "–50%"
  },
  {
    "image_url": "https://cdn.barbora.lt/products/d3413bd2-6629-4b25-b3e7-4118313625d8_m.png",
    "title": "Moteriškos pėdkelnės SUIT BODY 40 NEUTRO, 5 dydis, 1 vnt.",
    "price": "3.79",
    "price_2": "3,79€/vnt.",
    "extra_info": "–50%"
  },
  {
    "image_url": "https://cdn.barbora.lt/products/32e1523d-d529-4093-a69f-844c2db6f673_m.png",
    "title": "Moteriškos pėdkelnės BEVERLY 50 NEW ANTRACITE, 2 dydis, 1 vnt.",
    "price": "3.79",
    "price_2": "3,79€/vnt.",
    "extra_info": "–50%"
  },
  {
    "image_url": "https://cdn.barbora.lt/products/4d66ecc6-25a1-41d5-8bf9-d97ad07db746_m.png",
    "title": "Moteriškos pėdkelnės BEVERLY 50 NEW ANTRACITE, 5 dydis, 1 vnt.",
    "price": "3.79",
    "price_2": "3,79€/vnt.",
    "extra_info": "–50%"
  },
  {
    "image_url": "https://cdn.barbora.lt/products/57f536a7-47e4-47d9-a293-93032aa04092_m.png",
    "title": "Moteriškos pėdkelnės BEVERLY 50 NEW NEUTRO, 5 dydis, 1 vnt.",
    "price": "3.79",
    "price_2": "3,79€/vnt.",
    "extra_info": "–50%"
  },
  {
    "image_url": "https://cdn.barbora.lt/products/dfadfa07-6355-4b94-877a-62a63a312580_m.png",
    "title": "Moteriškos pėdkelnės ORI ACTION 40 , 4 dydis, nero",
    "price": "3.49",
    "price_2": "3,49€/vnt.",
    "extra_info": "–50%"
  },
  {
    "image_url": "https://cdn.barbora.lt/products/1a8736e0-6070-4638-8e40-c7d584674f25_m.png",
    "title": "Moteriškos pėdkelnės BEVERLY 50 NEW ANTRACITE, 3 dydis, 1 vnt.",
    "price": "3.79",
    "price_2": "3,79€/vnt.",
    "extra_info": "–50%"
  },
  {
    "image_url": "https://cdn.barbora.lt/products/ad718770-a446-4134-87c8-1d819acc6cf6_m.png",
    "title": "Moteriškos pėdkelnės BEVERLY 50 NEW NEUTRO, 2 dydis, 1 vnt.",
    "price": "3.79",
    "price_2": "3,79€/vnt.",
    "extra_info": "–50%"
  },
  {
    "image_url": "https://cdn.barbora.lt/products/ca9e1196-a992-4171-a351-d8565775c39b_m.png",
    "title": "Moteriškos pėdkelnės BEVERLY 50 NEW NEUTRO, 4 dydis, 1 vnt.",
    "price": "3.79",
    "price_2": "3,79€/vnt.",
    "extra_info": "–50%"
  },
  {
    "image_url": "https://cdn.barbora.lt/products/bd815a18-ed5c-4096-a4d0-4120dd82b2f5_m.png",
    "title": "Moteriškos pėdkelnės ORI ACTION 40 , 5 dydis, nero",
    "price": "3.49",
    "price_2": "3,49€/vnt.",
    "extra_info": "–50%"
  },
  {
    "image_url": "https://cdn.barbora.lt/products/4f80d3c6-d981-47cb-8fb7-e300b1b69102_m.png",
    "title": "Moteriškos pėdkelnės ORI ACTION 40 , 3 dydis, neutro",
    "price": "3.49",
    "price_2": "3,49€/vnt.",
    "extra_info": "–50%"
  },
  {
    "image_url": "https://cdn.barbora.lt/products/db729c0b-df31-4320-a3d0-5a3ec44f753f_m.png",
    "title": "Moteriškos pėdkelnės BEVERLY 50 NEW NERO, 3 dydis, 1 vnt.",
    "price": "3.79",
    "price_2": "3,79€/vnt.",
    "extra_info": "–50%"
  },
  {
    "image_url": "https://cdn.barbora.lt/products/46b9855c-a155-4542-8ffc-1effb0a9011f_m.png",
    "title": "Moteriškos pėdkelnės BEVERLY 50 NEW ANTRACITE, 4 dydis, 1 vnt.",
    "price": "3.79",
    "price_2": "3,79€/vnt.",
    "extra_info": "–50%"
  },
  {
    "image_url": "https://cdn.barbora.lt/products/b3730a37-3736-4798-8330-4392b9a87c3f_m.png",
    "title": "Moteriškos pėdkelnės ORI ACTION 40 , 4 dydis, neutro",
    "price": "3.49",
    "price_2": "3,49€/vnt.",
    "extra_info": "–50%"
  },
  {
    "image_url": "https://cdn.barbora.lt/products/665fe4d0-fcec-4b75-9ad2-2dc634964dfc_m.png",
    "title": "Moteriškos pėdkelnės ORI ACTION 40 , 2 dydis, neutro",
    "price": "3.49",
    "price_2": "3,49€/vnt.",
    "extra_info": "–50%"
  },
  {
    "image_url": "https://cdn.barbora.lt/products/1b611d5f-d6c7-4c1d-989c-1611f26158f2_m.png",
    "title": "XADO Atomic Oil variklinė alyva 5W-40 C3 RED BOOST (skardinė 4L)",
    "price": "59.99",
    "price_2": null,
    "extra_info": "2 ar daugiau su –40%"
  },
  {
    "image_url": "https://cdn.barbora.lt/products/707e6cf4-db5f-4bd5-8115-f32277c869a9_m.png",
    "title": "XADO Atomic Oil variklinė alyva 10W-40 SHPD RED BOOST (skardinė 1L)",
    "price": "13.99",
    "price_2": null,
    "extra_info": "2 ar daugiau su –40%"
  },
  {
    "image_url": "https://cdn.barbora.lt/products/5ff3623c-dbeb-472f-8f29-18de33c0177f_m.png",
    "title": "XADO Atomic Oil variklinė alyva 10W-40 SHPD RED BOOST (skardinė 4L)",
    "price": "48.99",
    "price_2": null,
    "extra_info": "2 ar daugiau su –40%"
  },
  {
    "image_url": "https://cdn.barbora.lt/products/8cc2c170-95e4-4fa0-b6cd-42763b2a0833_m.png",
    "title": "Moteriškos pėdkelnės ORI CONTROL FIT NERO, 5 dydis, 40 denų, 1 vnt.",
    "price": "2.74",
    "price_2": "2,74€/vnt.",
    "extra_info": "–50%"
  },
  {
    "image_url": "https://cdn.barbora.lt/products/f3cbeed2-8efb-47a6-ac2e-55015f810a4e_m.png",
    "title": "Moteriškos pėdkelnės ORI CON. FIT, 5 d., 40 den., graf. sp., 1 vnt.",
    "price": "2.74",
    "price_2": "2,74€/vnt.",
    "extra_info": "–50%"
  },
  {
    "image_url": "https://cdn.barbora.lt/products/1f711b32-98f7-4b9c-b36c-7da1ba96adcf_m.png",
    "title": "Moteriškos pėdkelnės ORI AURORA 60 , 2 dydis, nero",
    "price": "2.74",
    "price_2": "2,74€/vnt.",
    "extra_info": "–50%"
  },
  {
    "image_url": "https://cdn.barbora.lt/products/4c113dd2-44c5-49f0-a0a0-aee2efddf50e_m.png",
    "title": "ODA PRO 10 % niacinamido ir hialurono rūgšties serumas",
    "price": "23.69",
    "price_2": "789,67€/l",
    "extra_info": "–30%"
  },
  {
    "image_url": "https://cdn.barbora.lt/products/cf289a04-dfbf-493e-a52c-5c7e3ba2cdeb_m.png",
    "title": "L'Oreal Paris Preference ilgalaikiai plaukų dažai, 7.3",
    "price": "8.75",
    "price_2": "8,75€/vnt.",
    "extra_info": "–35%"
  },
  {
    "image_url": "https://cdn.barbora.lt/products/320033d6-080d-4b34-bf09-b043cdf5d674_m.png",
    "title": "L'Oreal Paris Preference ilgalaikiai plaukų dažai, 5.21",
    "price": "8.75",
    "price_2": "8,75€/vnt.",
    "extra_info": "–35%"
  },
  {
    "image_url": "https://cdn.barbora.lt/products/90360112-b1a6-44c0-b6cd-19e3b815c589_m.png",
    "title": "L'Oreal Paris Preference, ilgalaikiai plaukų dažai, 01",
    "price": "8.75",
    "price_2": "8,75€/vnt.",
    "extra_info": "–35%"
  },
  {
    "image_url": "https://cdn.barbora.lt/products/d4fc90b4-1a33-48dc-b6c0-1e429e363041_m.png",
    "title": "Veido kremas ODA PRO, spuoguotai odai, 30 ml",
    "price": "15.49",
    "price_2": "516,34€/l",
    "extra_info": "–44%"
  },
  {
    "image_url": "https://cdn.barbora.lt/products/a93c8029-fd8b-41a6-b2dc-6eafd9bedc8b_m.png",
    "title": "ODA PRO Kremas su keramidais jautriai odai",
    "price": "21.65",
    "price_2": "433€/l",
    "extra_info": "–30%"
  },
  {
    "image_url": "https://cdn.barbora.lt/products/601fef6e-b163-4bc7-880b-6923da3bf79f_m.png",
    "title": "Auto oro gaiviklis ROTZ,LoopGel redfruit",
    "price": "2.99",
    "price_2": null,
    "extra_info": "2 ar daugiau su –40%"
  },
  {
    "image_url": "https://cdn.barbora.lt/products/17794d53-3e2f-4bf8-bc18-363060287a23_m.png",
    "title": "Auto oro gaiviklis ROTZ, LoopGel vanilla",
    "price": "2.99",
    "price_2": null,
    "extra_info": "2 ar daugiau su –40%"
  },
  {
    "image_url": "https://cdn.barbora.lt/products/8ffc4f52-c389-420b-a1dc-cbd31005df7d_m.png",
    "title": "Auto oro gaiviklis ROTZ, LoopGel newcar",
    "price": "2.99",
    "price_2": null,
    "extra_info": "2 ar daugiau su –40%"
  },
  {
    "image_url": "https://cdn.barbora.lt/products/155ab7b0-2ddc-48d5-bbba-4a8ca906e9f0_m.png",
    "title": "Auto oro gaiviklis ROTZ, LoopGel black",
    "price": "2.99",
    "price_2": null,
    "extra_info": "2 ar daugiau su –40%"
  },
  {
    "image_url": "https://cdn.barbora.lt/products/1d7092e1-41d9-407d-b290-ac7b4b640bcb_m.png",
    "title": "Stiklų valiklis SONAX, 750ml",
    "price": "9.99",
    "price_2": null,
    "extra_info": "2 ar daugiau su –40%"
  },
  {
    "image_url": "https://cdn.barbora.lt/products/82502445-e6e2-4c58-8909-7d2cc397ed98_m.png",
    "title": "KILIG HAIR BOOST serumas su ricinos aliejumi, 100 ml",
    "price": "8.15",
    "price_2": null,
    "extra_info": "2 ar daugiau su –40%"
  },
  {
    "image_url": "https://cdn.barbora.lt/products/c691eabd-bb45-4fb0-bde9-3484d449416a_m.png",
    "title": "Poliravimo pasta SONAX, 250ml",
    "price": "8.99",
    "price_2": null,
    "extra_info": "2 ar daugiau su –40%"
  },
  {
    "image_url": "https://cdn.barbora.lt/products/6f46bd87-4156-496b-8b42-0b7a68efedc7_m.png",
    "title": "Ratlankių valiklis SONAX, 500ml",
    "price": "11.99",
    "price_2": null,
    "extra_info": "2 ar daugiau su –40%"
  },
  {
    "image_url": "https://cdn.barbora.lt/products/998d4b0b-3164-4bbd-9059-9216129f6b98_m.png",
    "title": "Drėgnos servėtėlės SONAX, 25 vnt",
    "price": "7.99",
    "price_2": null,
    "extra_info": "2 ar daugiau su –40%"
  },
  {
    "image_url": "https://cdn.barbora.lt/products/77771ffa-d9d8-4578-9f7c-c8d334f3d783_m.png",
    "title": "Salono valiklis SONAX, 750 ml",
    "price": "11.49",
    "price_2": null,
    "extra_info": "2 ar daugiau su –40%"
  },
  {
    "image_url": "https://cdn.barbora.lt/products/0c61b786-d873-45a9-8ff1-5689c9ff6596_m.png",
    "title": "Automobilio variklio valiklis Shell, 500ml",
    "price": "6.99",
    "price_2": null,
    "extra_info": "2 ar daugiau su –40%"
  },
  {
    "image_url": "https://cdn.barbora.lt/products/27fa2369-c95e-4963-b4c8-0e6ab14a5b41_m.png",
    "title": "Automobilio salono valiklis Shell, 500ml",
    "price": "6.49",
    "price_2": null,
    "extra_info": "2 ar daugiau su –40%"
  },
  {
    "image_url": "https://cdn.barbora.lt/products/ec9beaf1-4e9c-480b-b843-bd01a6b53c01_m.png",
    "title": "Matinis automobilių salono valiklis SHELL, 300ml",
    "price": "5.99",
    "price_2": null,
    "extra_info": "2 ar daugiau su –40%"
  },
  {
    "image_url": "https://cdn.barbora.lt/products/e71bcfdf-d58b-4fd7-b39c-39bbac1125d3_m.png",
    "title": "Odos valiklis SHELL, 500ml",
    "price": "14.99",
    "price_2": null,
    "extra_info": "2 ar daugiau su –40%"
  },
  {
    "image_url": "https://cdn.barbora.lt/products/52337634-eef7-4bda-8e7d-e2b022bd923f_m.png",
    "title": "Automobilių šampūnas su vašku SHELL, 500ml",
    "price": "5.99",
    "price_2": null,
    "extra_info": "2 ar daugiau su –40%"
  },
  {
    "image_url": "https://cdn.barbora.lt/products/085d646c-5bf6-4e0e-ab32-f4592908dc76_m.png",
    "title": "ELSEVE  serumas galvos odai, 102 ml",
    "price": "11.99",
    "price_2": null,
    "extra_info": "2 ar daugiau su –40%"
  },
  {
    "image_url": "https://cdn.barbora.lt/products/b3fb0689-1ef4-40ea-9cf4-a2a9c4267162_m.png",
    "title": "L'Oreal Paris Casting Creme Gloss pusiau ilgalaikiai plaukų dažai be amoniako, 734",
    "price": "10.59",
    "price_2": null,
    "extra_info": "2 ar daugiau su –40%"
  },
  {
    "image_url": "https://cdn.barbora.lt/products/b813cce0-26a1-44f9-b0e9-62b6bdad7d3f_m.png",
    "title": "L'Oreal Paris Casting Creme Gloss pusiau ilgalaikiai plaukų dažai be amoniako, 645",
    "price": "10.59",
    "price_2": null,
    "extra_info": "2 ar daugiau su –40%"
  },
  {
    "image_url": "https://cdn.barbora.lt/products/cd7a6ded-0489-49f8-aad5-52794d6c1071_m.png",
    "title": "L'Oreal Paris Casting Creme Gloss pusiau ilgalaikiai plaukų dažai be amoniako, 634",
    "price": "10.59",
    "price_2": null,
    "extra_info": "2 ar daugiau su –40%"
  },
  {
    "image_url": "https://cdn.barbora.lt/products/5ee7995f-7ef1-4fe7-93e2-4631b9a30159_m.png",
    "title": "L'Oreal Paris Casting Creme Gloss pusiau ilgalaikiai plaukų dažai be amoniako, 780",
    "price": "10.59",
    "price_2": null,
    "extra_info": "2 ar daugiau su –40%"
  },
  {
    "image_url": "https://cdn.barbora.lt/products/85b1bdef-e3aa-4683-afdd-6d6bd0681982_m.png",
    "title": "L'Oreal Paris Casting Creme Gloss pusiau ilgalaikiai plaukų dažai be amoniako, 810",
    "price": "10.59",
    "price_2": null,
    "extra_info": "2 ar daugiau su –40%"
  },
  {
    "image_url": "https://cdn.barbora.lt/products/9a65b35f-401b-402a-9b2b-612b73a9f0b6_m.png",
    "title": "Plaukų dažai SYOSS COLOR 5-29 Sodrus raudonas, 1vnt.",
    "price": "8.99",
    "price_2": null,
    "extra_info": "2 ar daugiau su –40%"
  },
  {
    "image_url": "https://cdn.barbora.lt/products/698df1ed-5296-40fd-b6d2-f42ebab1425a_m.png",
    "title": "L'Oreal Paris Excellence Creme ilgalaikiai plaukų dažai, 200",
    "price": "7.09",
    "price_2": "7,09€/vnt.",
    "extra_info": "–35%"
  },
  {
    "image_url": "https://cdn.barbora.lt/products/a97f2b53-932a-4b2d-b855-bfe1ecd922e8_m.png",
    "title": "Garnier Olia tonuojantys plaukų dažai be amoniako, 9.1",
    "price": "8.29",
    "price_2": null,
    "extra_info": "2 ar daugiau su –40%"
  },
  {
    "image_url": "https://cdn.barbora.lt/products/d8301896-334e-431d-b000-6b9e63ccdb24_m.png",
    "title": "Garnier Olia tonuojantys plaukų dažai be amoniako, 10.01",
    "price": "8.29",
    "price_2": null,
    "extra_info": "2 ar daugiau su –40%"
  },
  {
    "image_url": "https://cdn.barbora.lt/products/c311525e-5706-48ad-a9cc-e1c64d938f2e_m.png",
    "title": "Garnier Olia ilgalaikiai aliejiniai plaukų dažai be amoniako, 8.43",
    "price": "8.29",
    "price_2": null,
    "extra_info": "2 ar daugiau su –40%"
  },
  {
    "image_url": "https://cdn.barbora.lt/products/bea44d9a-3dee-47d8-b464-69f463495732_m.png",
    "title": "Veido drėkiklis NEUTROGENA CURCUMA CLEAR, 75 ml",
    "price": "6.29",
    "price_2": "83,87€/l",
    "extra_info": "–30%"
  },
  {
    "image_url": "https://cdn.barbora.lt/products/ffcbdf58-34fc-4a37-859f-e37e83b20840_m.png",
    "title": "Plaukų kaukė PANTENE Smooth&Silky Active Nutri-Plex, 300 ml",
    "price": "8.99",
    "price_2": null,
    "extra_info": "2 ar daugiau su –40%"
  },
  {
    "image_url": "https://cdn.barbora.lt/products/61c731d3-30c7-4bd3-a8ce-f15c06850fdd_m.png",
    "title": "L'Oreal Paris Casting Creme Gloss pusiau ilgalaikiai plaukų dažai be amoniako, 834",
    "price": "10.59",
    "price_2": null,
    "extra_info": "2 ar daugiau su –40%"
  },
  {
    "image_url": "https://cdn.barbora.lt/products/eecf0ac2-9c77-4f3a-be01-cc724c65604e_m.png",
    "title": "Kojinės IMMAGINE, 39-42, juoda",
    "price": "1.99",
    "price_2": "1,99€/vnt.",
    "extra_info": "–50%"
  },
  {
    "image_url": "https://cdn.barbora.lt/products/bc814a32-183e-4d3e-ae88-16e8e088b05b_m.png",
    "title": "GREEN FEEL'S purškiklis slenkantiems plaukams 100ml",
    "price": "5.99",
    "price_2": null,
    "extra_info": "2 ar daugiau su –40%"
  },
  {
    "image_url": "https://cdn.barbora.lt/products/f21e6ef1-91f4-419a-9993-d734ffd88dac_m.png",
    "title": "Kojinės IMMAGINE, 39-41, juoda",
    "price": "1.74",
    "price_2": "1,74€/vnt.",
    "extra_info": "–50%"
  },
  {
    "image_url": "https://cdn.barbora.lt/products/90eb5356-94f8-40dc-a389-23c2da85d23e_m.png",
    "title": "Kiaulienos Kabanos WELL DONE dešrelės vaikams, a. r., 80 g",
    "price": "0.95",
    "price_2": "11,88€/kg",
    "extra_info": "–13%"
  },
  {
    "image_url": "https://cdn.barbora.lt/products/acc7482f-f88f-4f5c-a591-dde991bebb8a_m.png",
    "title": "NIVEA MEN SENSITIVE \"DAILY PROTECT\" DRĖKINAMASIS KREMAS SU SPF30 50 ml",
    "price": "7.89",
    "price_2": "157,8€/l",
    "extra_info": "–50%"
  },
  {
    "image_url": "https://cdn.barbora.lt/products/eeccb0fc-7249-458f-b006-4268c1e7e739_m.png",
    "title": "NIVEA LUMINOUS630® SKIN GLOW SKYSTAS NENUPLAUNAMAS ODOS ŠVEITIKLIS 100 ml",
    "price": "7.49",
    "price_2": "74,9€/l",
    "extra_info": "–50%"
  },
  {
    "image_url": "https://cdn.barbora.lt/products/c991faee-a455-4af4-aadc-ce54e41a34fb_m.png",
    "title": "Varškės sūrelis JUMS, kakavos skonio, 24,4 % rieb., 38 g",
    "price": "0.39",
    "price_2": null,
    "extra_info": "3 už 0,69€"
  },
  {
    "image_url": "https://cdn.barbora.lt/products/7d1e4f5f-5e75-4c1d-97ca-8067f0af58a8_m.png",
    "title": "Varškės sūrelis JUMS, vanilės skonio, 24,4 % rieb., 38 g",
    "price": "0.39",
    "price_2": null,
    "extra_info": "3 už 0,69€"
  },
  {
    "image_url": "https://cdn.barbora.lt/products/af29d9b8-33db-4717-a95e-bcbdd75b1b7c_m.png",
    "title": "Garnier Color Naturals plaukų dažai, 101+ ledinė platininė blondinė",
    "price": "4.99",
    "price_2": null,
    "extra_info": "2 ar daugiau su –40%"
  },
  {
    "image_url": "https://cdn.barbora.lt/products/77a9df87-a4ac-493f-8074-81fb30edc0f0_m.png",
    "title": "Garnier Color Naturals plaukų dažai, 102+ itin šalta sidabrinė blondinė",
    "price": "4.99",
    "price_2": null,
    "extra_info": "2 ar daugiau su –40%"
  },
  {
    "image_url": "https://cdn.barbora.lt/products/0f802cb2-d9bc-4e3c-971a-9f0210e7bed8_m.png",
    "title": "Patalynės komplektas 140x200/50x70cm, mėlyni dryžiai",
    "price": "15.99",
    "price_2": null,
    "extra_info": "2 ar daugiau su –40%"
  },
  {
    "image_url": "https://cdn.barbora.lt/products/c6eb5cee-7d24-4f54-97a2-990387c617c3_m.png",
    "title": "Patalynės komplektas 200x220/2x50x70cm,mėlyni dryžiai",
    "price": "29.99",
    "price_2": null,
    "extra_info": "2 ar daugiau su –40%"
  },
  {
    "image_url": "https://cdn.barbora.lt/products/8cb30248-6bd7-4a38-aafe-258e0ef30f7a_m.png",
    "title": "Vytinta kiaul. sprand. COPPA WELL DONE, pjaustyta, nerūš., 80 g",
    "price": "2.99",
    "price_2": null,
    "extra_info": "2 ar daugiau su –20%"
  },
  {
    "image_url": "https://cdn.barbora.lt/products/562a3463-8f26-403b-859b-ba7300fe3d8b_m.png",
    "title": "Moteriškos pėdkelnės ORI CONTROL BODY 40 , 3 dydis, grafite",
    "price": "2.84",
    "price_2": "2,84€/vnt.",
    "extra_info": "–50%"
  },
  {
    "image_url": "https://cdn.barbora.lt/products/9d8217f7-1c7e-4232-99d2-61c4bb4e7e26_m.png",
    "title": "Moteriškos pėdkelnės ORI CONTROL BODY 40 , 4 dydis, grafite",
    "price": "2.84",
    "price_2": "2,84€/vnt.",
    "extra_info": "–50%"
  },
  {
    "image_url": "https://cdn.barbora.lt/products/8fac792b-89a8-4af7-8e17-f999f68ed188_m.png",
    "title": "Moteriškos pėdkelnės ORI CONTROL BODY 40 , 2 dydis, grafite",
    "price": "2.84",
    "price_2": "2,84€/vnt.",
    "extra_info": "–50%"
  },
  {
    "image_url": "https://cdn.barbora.lt/products/1508113e-fab3-4ce1-9910-808220b74f70_m.png",
    "title": "Patalynės komplektas 200x220/2x50x70cm, maži ornamentai",
    "price": "29.99",
    "price_2": null,
    "extra_info": "2 ar daugiau su –40%"
  },
  {
    "image_url": "https://cdn.barbora.lt/products/bf684b1c-91d8-4ccc-bf1b-8c12dd58a3a5_m.png",
    "title": "Patalynės komplektas 200x220/2x50x70cm, pilkos gėlės",
    "price": "29.99",
    "price_2": null,
    "extra_info": "2 ar daugiau su –40%"
  },
  {
    "image_url": "https://cdn.barbora.lt/products/1f8e4bd8-7baf-48d4-b2cc-e7fedb448960_m.png",
    "title": "Taukmedžio sviesto ir arganų al. maitinamoji plaukų kaukė, FAITH IN NATURE,  300ml",
    "price": "9.79",
    "price_2": "32,63€/l",
    "extra_info": "–30%"
  },
  {
    "image_url": "https://cdn.barbora.lt/products/2f9b1ded-7e8d-4e54-bad8-f812405325af_m.png",
    "title": "Patalynės komplektas 140x200/50x70cm, pilkos gėlės",
    "price": "15.99",
    "price_2": null,
    "extra_info": "2 ar daugiau su –40%"
  },
  {
    "image_url": "https://cdn.barbora.lt/products/d65d1501-b475-48f7-ad81-fa8316f273a8_m.png",
    "title": "Satininės patalynės komplektas 140x200/50x70cm t.pilka",
    "price": "34.99",
    "price_2": null,
    "extra_info": "2 ar daugiau su –40%"
  },
  {
    "image_url": "https://cdn.barbora.lt/products/1d07050a-99f3-4ba2-be33-2723382ad357_m.png",
    "title": "Satininės patalynės komplektas 140x200/50x70cm, sidabro",
    "price": "34.99",
    "price_2": null,
    "extra_info": "2 ar daugiau su –40%"
  },
  {
    "image_url": "https://cdn.barbora.lt/products/cbdbe54f-0e26-45d2-b875-c83612451900_m.png",
    "title": "Moteriškos pėdkelnės ORI AZALI 50 , 2 dydis, nero",
    "price": "3.14",
    "price_2": "3,14€/vnt.",
    "extra_info": "–50%"
  },
  {
    "image_url": "https://cdn.barbora.lt/products/cd7a32a6-fa62-46de-88c9-ed7fd9fce49d_m.png",
    "title": "Moteriškos pėdkelnės ORI AZALI 50 , 3 dydis, nero",
    "price": "3.14",
    "price_2": "3,14€/vnt.",
    "extra_info": "–50%"
  },
  {
    "image_url": "https://cdn.barbora.lt/products/c55ba7c1-8020-4de0-a571-ef65cf54662c_m.png",
    "title": "Satininė paklodė su guma 160x200+30cm, chaki",
    "price": "15.99",
    "price_2": null,
    "extra_info": "2 ar daugiau su –40%"
  },
  {
    "image_url": "https://cdn.barbora.lt/products/087d32a0-51eb-4049-9a3a-65891130fcdf_m.png",
    "title": "OGX Bond Protein atkuriamasis 3in1 aliejus, 50ml",
    "price": "17.99",
    "price_2": null,
    "extra_info": "2 ar daugiau su –40%"
  },
  {
    "image_url": "https://cdn.barbora.lt/products/731e6c3d-e5cb-4e12-a098-c699ddc3f6d1_m.png",
    "title": "Tepamasis lydytas sūris ORIGINAL WELL DONE, 23 % rieb. s. m., 175 g",
    "price": "1.49",
    "price_2": "8,51€/kg",
    "extra_info": "–21%"
  },
  {
    "image_url": "https://cdn.barbora.lt/products/8f02147a-1892-42ac-9862-b4db89764a55_m.png",
    "title": "Tep. lyd. sūris su voveraitėmis WELL DONE, 23 % rieb. s. m., 175 g",
    "price": "1.49",
    "price_2": "8,51€/kg",
    "extra_info": "–21%"
  },
  {
    "image_url": "https://cdn.barbora.lt/products/269cf6b8-e1ea-4477-8662-86263fbc5cdf_m.png",
    "title": "Dideli sūrio skonio kukurūzų traškučiai SANTA MARIA, 160 g",
    "price": "2.59",
    "price_2": null,
    "extra_info": "2 ar daugiau su –50%"
  },
  {
    "image_url": "https://cdn.barbora.lt/products/6e9290c2-be72-4c2c-829f-57389f1a83b2_m.png",
    "title": "Plonos kvietinės tortilijos SANTA MARIA, 8 vnt., 244 g",
    "price": "3.19",
    "price_2": null,
    "extra_info": "2 ar daugiau su –50%"
  },
  {
    "image_url": "https://cdn.barbora.lt/products/fdcd8d3c-060d-4e0d-ad7a-2ba2d9601d8d_m.png",
    "title": "Saldus korėjietiškas WOK padažas SANTA MARIA, 150 g",
    "price": "2.59",
    "price_2": null,
    "extra_info": "2 ar daugiau su –50%"
  },
  {
    "image_url": "https://cdn.barbora.lt/products/efba3194-78d2-4f6a-9e66-b4853efdce28_m.png",
    "title": "WOK padažas su sojomis ir česnakais SANTA MARIA, 100 g",
    "price": "2.99",
    "price_2": null,
    "extra_info": "2 ar daugiau su –50%"
  }
]